4508 5666
905 631 1155 704 ..qa-

203 847 236 902 et
256 833 427 920 manuae
435 832 755 920 ammonem,
778 833 1116 918 snpradocuianaseio
1128 841 1249 909 antem,
1272 853 1347 896 num
1363 831 1427 898 hoc
1440 832 1507 915 jam
1519 832 1558 902 ab
1571 833 1639 898 aliis
1651 832 1852 898 observatum

203 938 263 1015 ait,
295 934 360 1025 ἄρα
388 957 541 1024 perquam
563 945 634 1002 tato
657 958 729 1002 aum
751 936 891 1021 optativo
910 937 1113 1020 conjunctum
1142 935 1222 1021 legi3
1251 936 1329 1000 mihi
1350 935 1495 1020 quidem,
1528 957 1718 1020 quamquam
1741 937 1852 1002 sadala

203 1042 375 1126 quaerenti,
387 1040 606 1127 praeterlooos
619 1040 754 1124 aliquot,
774 1042 806 1105 in
822 1040 936 1124 quibus
948 1039 1184 1126 interrogationi
1201 1039 1341 1104 additum
1361 1050 1424 1115 est,
1447 1049 1496 1111 tut
1508 1039 1540 1102 in
1552 1039 1589 1103 Il.
1601 1038 1756 1116 xhsaas
1778 1043 1853 1116 arola

202 1140 231 1212 τ’
252 1140 302 1232 ἄρ’
323 1143 372 1213 ἔοι
392 1139 472 1212 τάδε
494 1139 603 1232 ἔργω)
625 1144 745 1208 nullum
769 1144 948 1230 exemplum
969 1153 1125 1230 repertum
1150 1163 1217 1220 esse
1239 1140 1347 1210 fateor.
1391 1141 1570 1226 Itaqueaic
1592 1143 1758 1208 dicendum
1782 1145 1849 1209 erit:

205 1249 238 1313 in
260 1248 428 1314 indicanda
450 1248 672 1317 sententiarum
694 1248 907 1325 cohaerentia,
942 1270 1040 1334 quum
1074 1257 1104 1310 et
1136 1246 1322 1311 indicativus
1356 1255 1387 1308 st
1415 1245 1571 1331 optativus
1600 1245 1702 1310 locum
1733 1247 1851 1312 habere

204 1351 318 1436 possit,
353 1372 391 1414 ea
412 1350 539 1434 quidem
562 1349 754 1427 differentia,
790 1373 871 1434 quae
900 1373 939 1414 ex
967 1351 1035 1436 ipsa
1064 1350 1228 1417 modorum
1248 1360 1367 1414 natura
1390 1363 1613 1433 consequatur,
1647 1350 1849 1415 indicativum

202 1447 286 1540 dea,
310 1453 482 1540 optativum
504 1453 557 1522 κέν
579 1453 637 1517 sibi
662 1455 850 1536 adsciscere3
874 1456 984 1522 eadem
1007 1477 1081 1520 vero
1103 1456 1144 1520 de
1168 1475 1278 1530 causa,
1312 1475 1375 1536 qua
1403 1454 1456 1518 κέν
1485 1475 1556 1518 oum
1585 1454 1751 1521 indicativo
1775 1475 1850 1518 con·

198 1557 293 1642 jungi
315 1569 467 1639 nequeat,
492 1549 557 1643 dpa
578 1556 617 1622 ab
640 1560 779 1643 optativo
803 1561 910 1624 arceri.
957 1559 1251 1642 Quomodocunque
1280 1577 1330 1618 res
1359 1553 1526 1630 sehabet,
1560 1555 1592 1640 ln
1621 1577 1658 1620 e⁰
1680 1555 1756 1622 nihil
1779 1557 1849 1644 miri

203 1682 273 1725 esse
295 1661 435 1738 videm,
470 1662 556 1747 quod
584 1657 652 1749 ἄρα
681 1685 744 1726 non
774 1675 821 1726 est
850 1663 1003 1727 intereas
1025 1663 1209 1750 particulas,
1240 1679 1318 1743 quas
1340 1679 1410 1720 cuin
1433 1657 1583 1741 particula
1604 1657 1657 1723 κέν
1679 1659 1850 1722 consociari

204 1764 305 1829 solere
339 1762 483 1833 vidimus.
550 1765 641 1848 Quae
676 1788 750 1830 vero
790 1765 829 1828 sit
869 1755 1029 1848 utriusque
1069 1763 1270 1851 significatio,
1316 1782 1397 1845 quae
1431 1759 1621 1838 differentia,
1665 1762 1690 1826 si
1724 1763 1851 1846 quando

202 1871 387 1953 conjunctae
408 1869 568 1958 legantur,
605 1883 734 1958 propter
766 1869 980 1956 exemplorum
1011 1871 1197 1954 paucitatem
1228 1863 1353 1929 difficile
1383 1876 1430 1927 est
1452 1863 1545 1927 dictu.
1592 1863 1627 1930 Si
1649 1865 1725 1949 quid
1748 1867 1848 1944 video,

203 1994 243 2036 ex
265 1973 333 2058 ipsa
355 1974 604 2062 interrogationis
627 1988 738 2040 natura
759 1975 914 2059 sequitur,
939 1983 972 2035 ut
993 1972 1179 2059 particulam
1202 1967 1265 2058 ἄρα
1288 1979 1318 2030 et
1340 1966 1425 2030 iniis
1442 1969 1610 2044 sententiis,
1635 1992 1715 2052 quae
1730 1971 1848 2034 nudum

203 2075 375 2162 optatIvum
409 2075 526 2142 habent
549 2088 580 2142 et
612 2080 643 2143 in
666 2079 704 2143 iis
726 2079 878 2152 admittat,
902 2077 932 2138 in
956 2075 1069 2160 quibus
1091 2077 1143 2141 κέν
1166 2075 1306 2138 additum
1329 2083 1384 2136 est.
1430 2070 1544 2136 Graeci
1567 2073 1666 2150 enim,
1691 2099 1785 2160 quum
1809 2073 1847 2154 ei,

204 2201 297 2263 quem
320 2181 562 2266 interrogabant,
585 2181 629 2244 ita
649 2203 700 2247 res
723 2202 792 2245 esse
815 2189 1019 2265 comparatas,
1042 2192 1076 2243 ut
1099 2202 1224 2244 causam
1247 2177 1459 2264 interrogandi
1477 2179 1670 2262 praeberent,
1695 2181 1849 2268 significa-

203 2281 264 2345 turi
288 2292 392 2358 erant‚
415 2280 526 2346 fortius
548 2283 609 2348 hoc
632 2306 701 2348 esse
724 2284 945 2349 declarandum
972 2283 1105 2347 sensisse
1128 2283 1286 2359 videntur,
1311 2305 1404 2368 quarn
1420 2281 1572 2366 particula
1586 2281 1638 2347 κέν
1653 2281 1718 2346 fieri
1733 2297 1847 2372 posset,

203 2383 442 2462 ratiocinationi,
467 2385 608 2469 quamvis
630 2386 709 2464 levi,
744 2386 928 2451 indicandae
950 2409 1060 2473 parum
1083 2387 1204 2450 idonea.
1252 2387 1302 2451 Cf.
1325 2383 1376 2464 ille
1399 2381 1504 2448 Iliadis
1528 2387 1625 2460 locus,
1649 2409 1742 2470 quem
1765 2387 1849 2452 exci-

205 2486 284 2563 tavi,
307 2501 338 2550 et
361 2485 425 2553 Od.
439 2485 569 2566 XVIII,
593 2489 674 2553 357:

615 2585 691 2673 ξεῖν’
711 2581 733 2678 ἧ
755 2585 794 2677 dp
817 2581 842 2655 κ’
866 2591 997 2665 ἐθέλοις
1019 2593 1215 2679 &patulum

202 2715 265 2778 quo
288 2693 357 2757 loco
380 2689 600 2777 Eurymachus
622 2693 896 2780 interrogationem
925 2693 1084 2778 particulis
1113 2691 1154 2784 r'ip
1184 2720 1218 2760 κε
1239 2695 1282 2760 ita
1304 2697 1344 2760 ad
1366 2695 1595 2760 mendicitatem
1618 2691 1722 2757 Ulixis
1744 2691 1847 2770 refert,

203 2813 237 2862 ut
272 2796 324 2859 illa
356 2793 490 2860 afflictae
512 2796 704 2860 condicionis
726 2820 798 2862 eum
832 2798 1014 2876 admoneat,
1049 2799 1089 2864 ob
1113 2821 1206 2882 quam
1241 2821 1335 2884 opere
1368 2797 1559 2862 mercenario
1588 2807 1620 2860 ut
1643 2797 1758 2861 victum
1789 2794 1848 2863 sibi

204 2921 355 2985 quaerere
388 2901 505 2985 possit,
540 2911 658 2986 optare¹
677 2898 805 2976 debeat,
839 2899 898 2964 hac
922 2912 1043 2978 autem,
1077 2923 1168 2985 quae,
1196 2923 1293 2986 quum
1323 2902 1408 2964 salva
1438 2902 1589 2964 sententia
1611 2901 1709 2963 omitti
1731 2911 1846 2986 posset,

207 3026 264 3067 usu
286 3005 330 3067 ita
350 3001 478 3078 ferente,
502 3003 609 3068 addita
627 3013 683 3079 est,
707 3001 888 3088 simpliciter
899 3005 940 3080 id,
965 3003 1049 3088 quod
1065 3028 1148 3070 nuno
1161 3004 1245 3080 dicit,
1268 3004 1316 3081 iis,
1339 3013 1521 3088 quaeante‘a
1538 3005 1640 3068 animo
1655 3017 1846 3090 perceperat,

205 3105 359 3170 adnectat.

353 3213 381 3310 ξ.Ι
403 3209 602 3309 lithsum
624 3209 804 3296 particulae,
828 3211 867 3274 de
890 3233 952 3295 quo
975 3211 1125 3275 haetenus
1148 3213 1337 3284 dictumest,
1360 3213 1491 3276 sirecte
1514 3212 1675 3296 explicavi,
1699 3235 1795 3296 quum
1810 3211 1846 3276 iis
1963 3259 1968 3264 -

202 3315 360 3380 sententiis
382 3313 477 3379 inseri
499 3336 567 3378 eam
591 3313 743 3389 dicerem,
768 3335 865 3398 quae,
889 3336 1079 3399 quamquam
1099 3339 1163 3380 non
1192 3316 1363 3402 penderent
1392 3338 1431 3380 ex
1460 3316 1537 3392 eliis,
1569 3327 1670 3380 tamen
1695 3316 1741 3393 iis,
1766 3339 1845 3402 quae

201 3421 440 3495 antecederent,
475 3417 687 3482 adnectendae
721 3441 788 3482 esse
822 3417 1017 3483 viderentur:
1051 3421 1167 3484 nullam
1192 3419 1330 3504 sequitur
1353 3420 1419 3502 ejus
1443 3420 1603 3503 ponendae
1637 3442 1705 3484 esse
1738 3441 1845 3484 neces-

199 3526 322 3589 sitatem
345 3525 376 3588 in
399 3523 517 3610 protasi
539 3522 694 3586 enunciati
716 3523 925 3608 hypothetici,
958 3546 1049 3606 quam
1073 3525 1114 3588 ad
1136 3525 1287 3612 spodosin
1309 3524 1503 3588 referendam
1530 3545 1615 3599 esse,
1650 3522 1766 3606 ubique
1787 3544 1844 3608 per

198 3648 232 3693 se
265 3627 455 3713 intelligitur.
500 3623 599 3689 Posse
621 3637 724 3688 tamen
754 3623 827 3688 huic
850 3646 974 3708 quoque
998 3625 1085 3704 addi,
1120 3651 1158 3692 ex
1191 3623 1246 3706 iis,
1275 3651 1355 3712 quae
1389 3627 1428 3692 de
1461 3637 1613 3713 potestate
1647 3627 1713 3710 ejus
1748 3649 1842 3712 supra

198 3729 281 3805 dixi,
305 3749 453 3816 apparere
476 3750 607 3804 censeo;
631 3728 707 3793 nihil
731 3729 812 3792 enim
836 3728 955 3806 obstat,
986 3732 1061 3814 quin
1084 3731 1274 3796 condicionis
1298 3737 1422 3815 quoque
1445 3731 1591 3817 cogitatio
1615 3752 1654 3794 ex
1674 3731 1728 3806 iis,
1763 3750 1843 3814 quae

200 3843 292 3896 antea
314 3831 396 3894 dicta
418 3843 506 3909 sunt,
531 3831 603 3896 oriri
626 3831 738 3916 possit,
762 3833 827 3896 sive
856 3832 888 3895 in
910 3832 959 3896 his
988 3833 1020 3897 id
1041 3834 1154 3919 ipsum,
1177 3833 1262 3918 quod
1284 3835 1438 3920 pendete
1461 3835 1664 3910 condicione,
1698 3833 1763 3898 sive
1786 3833 1845 3898 alia

198 3936 351 4001 sententia
373 3935 556 4000 continetur.
590 3935 670 4000 Tam
693 3937 824 4023 simplex
847 3958 883 4000 ac
905 3937 998 4023 plana
1020 3939 1097 4002 baec
1119 3939 1197 4004 ratio
1220 3949 1275 4014 est,
1299 3948 1332 4002 ut
1354 3938 1385 4016 ii,
1409 3939 1462 4023 qui
1485 3938 1634 4023 exemplis
1655 3937 1748 4021 hujus
1768 3959 1843 4002 usus
1943 4017 1948 4027 ι

197 4063 279 4126 quae
303 4048 441 4116 exstant,
476 4039 567 4104 aliam
587 4063 718 4126 eamque
738 4040 934 4104 artificiosam
946 4043 1183 4127 explicationem
1195 4039 1416 4118 adhibuerunt,
1440 4063 1535 4125 quum
1558 4041 1674 4104 nodum
1696 4041 1727 4104 in
1741 4040 1843 4126 scirpo
1916 4099 1919 4110 ‚

198 4153 400 4237 quaererent,
434 4161 497 4206 aon
529 4143 688 4234 potuerint
718 4165 782 4208 non
815 4144 847 4206 in
881 4163 1000 4209 errores
1023 4145 1138 4209 induci.
1182 4145 1403 4208 Baeumleinus
1436 4144 1561 4228 quidem
1592 4143 1672 4207 hanc
1694 4143 1842 4226 loquendi

196 4248 348 4313 rationem
371 4267 388 4310 e
411 4247 640 4311 constructione
662 4247 852 4331 conjunctivi
875 4270 946 4312 cum
969 4250 1120 4334 particula
1141 4249 1193 4317 κέν
1214 4260 1330 4324 ortam,
1353 4245 1444 4311 iniis
1467 4248 1642 4322 sententiis,
1674 4247 1705 4310 in
1728 4245 1841 4332 qulbus
1882 4231 1898 4332 '¹

199 4341 355 4435 objectiva
377 4350 471 4432 hujus
492 4350 578 4412 modi
601 4351 648 4414 vis
670 4350 840 4416 minuenda
861 4373 928 4416 esse
952 4353 1111 4430 videatur,
1144 4354 1247 4418 locum
1270 4350 1386 4415 habere
1409 4349 1467 4425 ait3
1502 4360 1619 4414 mutato
1650 4349 1731 4412 enim
1765 4372 1839 4413 con·

191 4455 336 4538 junctivo
359 4475 430 4517 cum
454 4451 609 4535 optativo,
638 4453 810 4538 particula,
847 4477 936 4538 quae.
949 4455 1038 4520 illum
1058 4457 1238 4532 comitetur,
1273 4467 1411 4527 servata,
1445 4455 1476 4517 irl
1499 4453 1597 4528 effici,
1627 4463 1662 4516 ut
1689 4451 1841 4515 sententia
1882 4463 1885 4470 ’
1995 4461 1998 4478 ·

197 4557 293 4622 dubia
321 4557 421 4642 magis
454 4565 549 4640 atque
581 4557 700 4622 incerta
731 4558 889 4623 reddatur.
954 4557 1019 4624 Sed
1055 4559 1132 4644 quid
1159 4561 1316 4624 lucramur
1348 4559 1407 4622 hac
1436 4556 1668 4643 explicatione?
1718 4553 1840 4636 Quodsi

196 4661 353 4748 optativus
381 4659 565 4747 particulam
599 4661 631 4724 in
660 4661 772 4727 talibus
804 4665 977 4730 enundatis
997 4685 1061 4728 non
1084 4664 1234 4740 admittit,
1265 4661 1423 4747 quomodo
1445 4685 1464 4724 a
1485 4659 1683 4744 conjunctivo
1705 4657 1746 4720 ad
1767 4677 1838 4720 eum

196 4767 356 4834 uansferri
377 4766 513 4852 poterit?
557 4763 614 4830 Sin
644 4765 787 4844 admittit,
811 4768 928 4846 carah
950 4767 1120 4832 illomodo
1143 4766 1321 4832 mutuatur?
1348 4764 1468 4848 Itaque.
1481 4763 1562 4826 hanc
1583 4759 1746 4825 modorum
1767 4781 1838 4846 per·
