4508 5666
1100 591 1320 682 ..q-7

393 796 472 862 viter
502 817 586 866 nunc
616 819 654 864 ea
684 795 829 864 indicabo
865 794 1080 880 quibua-opus
1102 813 1171 860 esse
1193 789 1332 868 videtin,
1357 800 1400 870 ,nt
1433 811 1514 874 quae
1547 790 1586 856 de
1608 793 1766 877 ponticulis
1798 794 1859 862 illia
1891 795 2024 861 dicenda

394 909 465 964 snnt
497 899 627 988 intelligi
658 899 787 986 possint
831 897 982 964 Omnium
1014 897 1247 962 enunciatorum
1281 917 1445 960 commune
1477 909 1541 973 est,
1573 908 1609 961 nt
1641 919 1710 964 esse
1739 899 1855 984 sliqnid
1882 911 1938 965 aut
1957 899 2023 966 lieri

394 1001 698 1096 dicetnrgdiffenmt
718 1013 821 1068 autem
843 1004 923 1068 inter
944 1023 980 1067 se
999 1023 1037 1066 ea
1056 1001 1185 1077 ratione,
1208 1019 1288 1083 quse
1309 999 1482 1064 intersum
1504 999 1559 1084 qui
1580 1001 1695 1092 cogitat
1722 1013 1816 1087 atqrm
1840 1003 1909 1089 ipsa
1937 1005 2023 1092 cogi·

395 1116 459 1172 tata
479 1106 651 1177 intercedit
695 1103 870 1172 Aliaenim
893 1106 1029 1193 cogitata
1049 1127 1088 1169 ex
1109 1103 1203 1170 rebus
1216 1103 1309 1188 ipsis,
1333 1101 1518 1186 simulatque
1540 1103 1677 1168 animum
1699 1105 1740 1170 nd
1761 1127 1813 1171 eas
1833 1108 2024 1198 advertimus

395 1208 543 1287 oriuntrrn
566 1211 632 1276 sive
654 1233 707 1278 ess
728 1231 808 1288 esse,
830 1210 896 1274 sive
916 1231 1009 1296 posse
1031 1229 1099 1276 esse
1120 1207 1337 1294 intelligimus3
1361 1207 1428 1271 eive
1447 1207 1507 1292 ipsi
1529 1207 1790 1298 excogitavimus,
1813 1211 1879 1276 sive
1900 1211 2023 1276 aliunde

394 1313 614 1398 cognovimus:
635 1313 697 1378 alie
714 1311 875 1400 cogitandi
897 1313 1034 1398 quodam
1055 1314 1182 1380 arbitrio
1204 1335 1223 1378 a
1243 1312 1335 1378 nobis
1356 1311 1525 1398 finguntur.
1569 1309 1661 1393 Quae
1689 1334 1729 1378 ne
1750 1333 1912 1399 perperam
1933 1314 2023 1379 intel·

394 1414 545 1501 figuram,
578 1415 736 1483 cardinem
764 1417 809 1482 rei
830 1436 944 1482 moneo
963 1417 996 1484 ἰ
1019 1439 1056 1484 eo
1078 1418 1174 1494 verti,
1207 1427 1312 1482 utrum
1342 1435 1413 1480 cnm
1442 1415 1628 1500 cogitatione
1655 1417 1701 1480 rei
1729 1416 1820 1481 simul
1842 1416 1934 1493 illud,
1956 1417 2022 1482 fieri

396 1543 482 1597 earn,
504 1523 702 1606 conjunctum
725 1523 782 1600 sit,
815 1543 855 1586 en
877 1532 999 1597 noane,
1032 1535 1067 1584 ut
1088 1519 1168 1597 dixi,
1201 1518 1333 1584 arbitrio·
1356 1517 1498 1584 addatur.
1541 1517 1641 1582 Priori
1664 1519 1896 1583 enuncietorum
1918 1520 2023 1605 generi

395 1606 597 1702 iadientivus,
619 1625 782 1711 posteriori
803 1624 959 1710 optativus
975 1635 1006 1688 et
1020 1624 1236 1709 conjunctivus
1249 1622 1431 1688 inserviunt.
1475 1621 1525 1686 Ac
1538 1621 1564 1685 si
1579 1643 1720 1706 quaeras,
1742 1623 1899 1707 quomodo
1914 1625 1947 1689 id
1961 1625 2024 1702 liat,

395 1742 430 1792 ut
452 1748 539 1792 mens
561 1739 668 1794 nostra
688 1728 720 1792 in
742 1726 836 1792 rebus
858 1737 1014 1804 versetur,
1037 1749 1116 1811 quas
1137 1747 1206 1792 esse
1227 1726 1295 1812 ipse
1315 1725 1423 1812 finget,
1444 1725 1544 1797 facilis
1566 1735 1614 1790 est
1626 1727 1798 1812 responsio,
1820 1747 1945 1792 causam
1958 1751 2026 1794 esse

395 1829 569 1915 duplicem,
591 1853 686 1896 unam
707 1831 740 1896 in
761 1829 920 1896 voluntate
941 1819 1034 1914 a‘tque
1056 1829 1223 1917 appetendi
1243 1827 1399 1905 fscrrltete,
1422 1823 1550 1892 elteram
1571 1829 1603 1892 in
1626 1851 1663 1894 eo
1685 1831 1832 1916 positam,
1855 1833 1940 1916 qnod
1962 1853 2023 1897 non

395 1932 548 1998 soleamus
570 1934 601 1998 in
624 1932 883 2020 contemplatione
903 1955 1024 2010 renim,
1055 1943 1207 2018 quatenus
1229 1933 1364 2020 exipsis
1387 1932 1738 2020 cognitionemhuurire
1759 1933 1866 2013 liceat,
1900 1938 2025 2020 acquie-

394 2057 498 2113 scere,
521 2036 577 2102 sed
599 2038 703 2104 enimc
724 2049 831 2103 nostro
853 2024 988 2104 studium
1011 2060 1094 2103 nova
1114 2039 1250 2124 cogitata
1271 2061 1311 2104 ex
1338 2038 1377 2102 iis
1406 2059 1486 2122 quae
1514 2027 1687 2124 perceperit
1707 2040 1891 2124 procreandi
1913 2053 2024 2108 nemra

396 2139 521 2204 insitum
544 2141 592 2206 sit.
637 2141 681 2205 Et
702 2152 807 2228 optata
829 2142 958 2226 quidem
980 2153 1014 2206 ut
1034 2143 1169 2220 mittam,
1194 2164 1231 2208 ee
1253 2141 1396 2227 cogitata,
1419 2161 1500 2223 quee
1522 2140 1562 2203 ad
1583 2139 1713 2205 alterum
1735 2145 2023 2230 genuspertinent,

395 2257 524 2332 apparet
545 2267 608 2309 non
630 2269 686 2330 per
716 2269 749 2310 se
779 2248 862 2323 sola,
896 2247 951 2312 sed
983 2247 1027 2311 ita
1058 2256 1194 2323 tentum,
1224 2255 1350 2309 etcum
1373 2242 1440 2306 aliis
1463 2242 1656 2320 cobsereent,
1680 2245 1752 2308 oriri
1773 2267 1875 2332 posse.
1919 2247 2024 2314 Debet

394 2347 476 2412 enim
498 2367 593 2414 cauas
614 2371 682 2415 esse
703 2372 759 2415 cur
781 2351 968 2438 cogitemus,
982 2389 986 2394 -
999 2371 1080 2432 quoe
1102 2350 1128 2414 si
1149 2347 1181 2414 in
1202 2370 1237 2414 re
1257 2349 1327 2433 ipss
1347 2367 1410 2408 non
1432 2355 1495 2422 est,
1525 2367 1587 2410 non
1609 2355 1803 2430 potestesse
1830 2349 1888 2413 nisi
1908 2350 1940 2414 in
1963 2351 2024 2416 clio
2124 2417 2129 2432 κ

395 2452 548 2536 cogitetm
571 2453 730 2536 quomodo
751 2463 837 2539 patet
857 2475 920 2518 non
942 2453 1121 2538 opinionem
1142 2452 1215 2516 oriri
1237 2471 1305 2514 esse
1327 2447 1460 2533 aliquid,
1488 2448 1545 2512 sed
1567 2448 1794 2514 cohaerentium
1816 2463 1933 2517 tentum
1957 2457 2023 2540 ejus

395 2553 480 2636 quod
501 2577 569 2620 esse
591 2556 690 2641 possit
710 2578 781 2620 cum
804 2556 919 2622 aliare
941 2556 1097 2642 cognosci.
1142 2553 1231 2620 Haec
1259 2564 1362 2618 nutem
1392 2551 1589 2617 cohaerentia
1615 2551 1729 2638 duplici
1759 2553 1890 2621 efficitur
1917 2558 2023 2636 modo,

394 2680 488 2724 caraea
509 2681 547 2724 ac
569 2659 760 2724 condicione.
805 2657 942 2725 Causam
964 2658 1035 2724 dico
1058 2657 1260 2743 subjectivum
1282 2655 1383 2731 illam,
1413 2677 1476 2738 que
1503 2653 1563 2718 elia
1588 2655 1679 2721 fecile
1711 2679 1750 2721 ex
1783 2658 1843 2724 alie
1875 2662 2025 2726 sententia
2061 2665 2067 2676 “

394 2762 507 2846 oritur3
530 2763 744 2828 condicionem
767 2782 843 2827 vero
864 2770 950 2848 patet
970 2761 1003 2824 in
1023 2781 1058 2824 re
1078 2760 1211 2847 positam
1234 2783 1319 2838 esse,
1350 2781 1367 2824 c
1394 2779 1456 2842 qua
1477 2761 1654 2844 numquid
1680 2761 1734 2826 liat
1754 2763 1891 2848 pendere
1911 2765 2024 2831 intelli·

393 2887 514 2951 gemus.
558 2864 675 2931 Prioris
697 2865 912 2932 cohaerentiae
940 2863 1035 2928 index
1064 2875 1111 2929 est
1138 2863 1205 2946 xiv,
1238 2862 1416 2948 posterioris
1445 2857 1492 2928 ἄν.
1536 2861 1651 2941 Vides,
1674 2887 1768 2949 qnam
1790 2866 1867 2932 heec
1889 2869 1969 2933 inter
1989 2891 2023 2933 se

395 2967 518 3034 diversa
541 2968 619 3032 sint:
641 2966 694 3035 κέν
715 2968 755 3032 nd
778 2968 995 3055 cogitationem
1017 2967 1085 3050 ejus
1107 2967 1161 3050 qui
1182 2966 1334 3050 loquitur,
1357 2957 1395 3032 div
1416 2964 1457 3028 ed
1478 2985 1544 3028 rem
1564 2965 1665 3050 ipsam
1685 2967 1825 3034 refertur.

451 3067 465 3078 “
545 3069 656 3153 Quslis
677 3073 718 3136 sit
738 3072 790 3138 ille
811 3091 928 3147 nexus,
952 3091 1046 3154 quem
1067 3069 1218 3155 particula
1239 3067 1291 3136 uir
1312 3068 1442 3133 indicari
1464 3067 1609 3146 diximus,
1632 3071 1806 3137 accuratius
1830 3073 2023 3139 definirinon

359 3187 363 3198 ·
394 3185 510 3261 potest3
527 3197 571 3240 ea
588 3177 670 3240 enim
693 3187 740 3242 est
761 3177 828 3259 ejus
850 3183 960 3240 astura
973 3185 1008 3237 ut
1023 3173 1171 3238 latissime
1192 3183 1304 3259 petent.
1349 3170 1475 3236 Debere
1497 3170 1623 3254 quidem
1645 3177 1714 3260 ejus
1736 3180 1921 3256 sententiae,
1944 3202 2025 3264 qnae

341 3359 345 3368 ¹
393 3278 500 3344 addite
519 3279 670 3364 particula
690 3279 786 3365 priori
808 3277 1006 3355 adnectatur,
1040 3301 1165 3344 oausam
1187 3279 1322 3363 aliquem
1344 3297 1413 3341 esse
1433 3276 1467 3340 in
1487 3276 1539 3354 iis,
1573 3277 1605 3342 in
1634 3280 1747 3363 quibus
1779 3283 1899 3346 animus
1920 3293 2026 3348 noster

393 3392 550 3458 versetur,
584 3403 640 3466 per
662 3403 695 3445 ee
717 3381 912 3466 intelligitur3
947 3381 1003 3446 sed
1025 3393 1058 3445 ut
1080 3382 1157 3446 haec
1180 3392 1264 3446 certa
1285 3379 1437 3446 sententia
1458 3401 1605 3466 expresse
1626 3403 1694 3447 ease
1715 3395 1835 3470 potest,
1867 3385 1910 3449 ite
1931 3407 2026 3472 saepe

396 3485 487 3550 etism
510 3507 581 3550 eam
601 3485 800 3561 sententiam,
824 3507 958 3569 quacum
980 3485 1092 3564 altera,
1123 3487 1173 3551 cni
1195 3486 1249 3554 κέν
1268 3485 1416 3550 insertum
1439 3494 1503 3561 est,
1535 3485 1677 3570 proxime
1705 3486 1871 3552 cohaerere
1892 3486 2025 3564 videtur,

396 3587 542 3654 omissum
564 3607 633 3652 ease
655 3602 686 3651 et
707 3587 889 3672 particulam
911 3610 974 3654 non
996 3591 1037 3654 ed
1059 3591 1170 3669 verba,
1192 3591 1249 3656 sed
1271 3591 1311 3654 ed
1333 3588 1468 3676 cogitate
1489 3588 1555 3671 ejus
1578 3587 1631 3671 qui
1651 3588 1790 3672 loquitur
1810 3587 1917 3652 referri
1939 3590 2025 3655 vide·

392 3715 472 3760 mua
516 3691 700 3760 Rectissime
722 3691 816 3778 igitur
839 3692 874 3758 S.
898 3697 1038 3780 negavit,
1070 3695 1205 3781 logicam
1237 3694 1318 3759 hanc
1340 3715 1407 3758 esee
1430 3692 1674 3770 cohaerentiam
1710 3705 1794 3758 earet
1826 3693 1908 3758 enim
1940 3707 2027 3762 arcto

393 3821 430 3866 eo
453 3800 593 3876 vinculo,
628 3819 691 3882 quo
713 3797 868 3873 csusales,
902 3798 1146 3874 condicionales,
1180 3797 1258 3862 aliae
1281 3796 1449 3861 sententiae
1471 3799 1654 3882 conjunctae
1683 3807 1763 3862 sunt.
1808 3797 2026 3864 Praetereaid

393 3925 518 3988 quoque
540 3901 703 3966 manifesto
725 3913 870 3986 apparet,
904 3923 1062 3987 nunqnam
1096 3923 1159 3965 non
1181 3899 1363 3987 particulam
1384 3900 1424 3962 ed
1445 3921 1658 3986 praegressem
1681 3902 1924 3966 sententiam
1946 3899 2025 3968 rele-

391 4006 520 4074 rcndam
541 4027 620 4070 esse.
663 4002 744 4070 Nem
767 4003 853 4087 quod
875 4003 912 4068 B.
936 4004 1027 4082 dicit,
1061 4002 1165 4068 multis
1193 4003 1269 4069 locis
1298 4025 1367 4068 eam
1395 4003 1436 4068 ad
1458 4003 1672 4068 antecedentia
1692 4002 1813 4068 verba
1833 4005 1940 4070 referri
1961 4025 2023 4068 non

391 4131 501 4198 pesse,
524 4111 567 4174 ita
589 4130 697 4172 verum
720 4129 788 4172 esse
810 4129 939 4185 censeo,
963 4121 997 4172 ut
1018 4107 1058 4172 ed
1080 4107 1241 4191 sequentia
1262 4129 1399 4191 unquam
1409 4106 1603 4170 referendam
1615 4127 1693 4182 esse,
1715 4107 2023 4192 preefiectenegem

417 4238 457 4280 ua
478 4214 518 4280 de
539 4235 573 4278 re
595 4213 684 4276 infra.
707 4247 749 4262 ·-
1831 4271 1833 4276 ,

395 4239 416 4300 q
547 4315 717 4392 Condicio,
752 4337 847 4400 quam
867 4313 1019 4400 particule
1040 4306 1268 4396 c'iv‘significari
1289 4311 1371 4389 dixi,
1405 4311 1482 4376 nihil
1504 4309 1693 4376 difficultatis
1714 4311 1826 4388 habet3
1860 4333 1940 4394 quae
1968 4312 2024 4375 ed-

392 4422 494 4488 dendn
515 4435 603 4495 stunt,
627 4429 661 4486 ut
682 4419 855 4484 accuratius
878 4419 945 4502 ejus
967 4417 1014 4480 vis
1037 4413 1237 4500 intelligatur,
1260 4413 1304 4479 ibi
1325 4415 1428 4480 l'ccum
1450 4415 1625 4491 habebunt,
1658 4413 1712 4480 ubi
1735 4413 1775 4478 dc
1796 4415 2025 4480 constructione

393 4527 459 4611 ejus
481 4547 552 4591 cum
575 4523 704 4612 singulis
726 4521 814 4587 verbi
836 4521 936 4585 modis
959 4529 1076 4606 agetur.
1121 4516 1203 4581 lllud
1232 4530 1335 4584 eutem
1357 4531 1501 4606 apparet,
1530 4530 1640 4582 neutra
1668 4518 1777 4582 herum
1805 4517 2024 4603 pertimerem

390 4629 645 4717 significationem
656 4625 822 4692 modorum
833 4624 963 4700 mutari,
983 4624 1101 4709 ‚quippe
1112 4643 1193 4706 quse
1213 4643 1277 4686 non
1298 4622 1384 4708 ipsse
1405 4622 1442 4688 iis
1464 4621 1640 4697 sententiis,
1664 4619 1776 4705 quibus
1792 4621 1924 4686 insertae
1943 4633 2023 4695 sunt,

388 4734 505 4820 aliquid
524 4731 658 4808 eddaut,
682 4731 737 4796 sed
759 4751 811 4792 ess
834 4750 904 4792 curn
927 4725 993 4790 aliis
1016 4724 1163 4810 conjungi
1179 4715 1321 4808 jubeant
