4508 5666
861 595 1156 680 ‘-1a-

514 813 589 882 οδδδ
610 808 670 900 χάρ
693 805 830 898 ἡμετίρη
851 810 1031 899 βραδυτῆτί
1051 832 1087 876 τε
1108 807 1245 895 νωχελίῃ
1265 831 1301 874 τε

519 920 627 1005 Τρῶας
649 911 707 982 ἆτ’
729 909 842 997 δι’μοιϊκ
863 911 1056 1002 Πατρόκλου
1077 903 1181 994 τεύχε’
1202 909 1321 978 tione.

362 1037 492 1106 XXI-V.
514 1039 598 1104 437ι

515 1160 566 1228 σοί
589 1155 624 1225 δ’
646 1150 686 1224 civ
709 1150 773 1243 δμιδ
794 1152 927 1237 πομπάς
947 1151 1003 1221 καί
1022 1175 1058 1220 κε
1080 1147 1223 1220 κλυτδν”
1215 1157 1324 1239 Αργος
1346 1148 1486 1238 ἱκοίμην.

205 1229 365 1346 RecteB.
389 1280 541 1368 deneget,
570 1280 630 1343 hoc
653 1276 739 1361 quod
761 1276 836 1340 dicit
857 1275 1048 1352 Mercurius,
1078 1295 1112 1338 se
1139 1282 1281 1360 paratum
1304 1293 1372 1335 esse
1393 1271 1434 1334 ad
1456 1269 1665 1334 comitandum
1687 1268 1846 1336 Priamum

205 1383 359 1466 usquein
382 1381 565 1460 Graeciam,
588 1381 686 1446 exiis
709 1401 789 1465 quae
811 1391 882 1444 ante
905 1378 1034 1456 dixerit,
1060 1375 1218 1460 consequi.
1264 1374 1326 1440 Sed
1348 1373 1473 1438 omnino
1495 1373 1546 1438 hic
1569 1395 1675 1438 versus
1698 1395 1769 1438 oum
1791 1397 1845 1438 an·

205 1467 422 1552 tecedentibus
442 1507 504 1550 non
527 1485 690 1562 cohaeret,
724 1485 784 1549 nisi
812 1495 916 1582 mente
938 1485 1034 1549 addas
1057 1484 1257 1557 sententiam,
1291 1500 1371 1563 quae
1394 1479 1450 1542 etsi
1472 1477 1575 1542 verbis
1596 1499 1658 1542 non
1681 1476 1845 1555 declarata,

205 1587 297 1654 facile
319 1600 423 1653 umen
430 1588 642 1674 intelligitur3
665 1611 727 1652 non
750 1563 832 1652 enim
854 1588 933 1651 haec
954 1599 1038 1652 recte
1061 1588 1141 1650 inter
1162 1608 1196 1650 se
1218 1586 1361 1673 opposita
1382 1597 1461 1660 sunt,
1486 1583 1571 1668 quod
1586 1581 1669 1659 dicit,
1692 1605 1725 1646 se
1737 1583 1845 1647 Achil

205 1691 274 1756 lis
265 1713 342 1756 rrum
366 1701 523 1756 verentem
546 1691 711 1777 pecuniam
733 1713 796 1754 non
820 1711 887 1755 esse
909 1701 1117 1776 accepturam,
1139 1687 1265 1752 Priamo
1278 1701 1390 1764 autem,
1414 1686 1726 1771 quoqueiliejubeat,
1749 1688 1845 1752 comi-

206 1807 269 1861 tem
290 1795 429 1859 firturum
452 1817 529 1860 esse.
575 1795 666 1859 Patet
688 1806 791 1858 autem
814 1793 897 1857 hunc
919 1815 987 1857 esse
1009 1816 1152 1858 sensum:
1174 1793 1237 1857 noli
1259 1791 1391 1878 pecunia
1412 1811 1462 1854 me
1484 1789 1656 1866 sollicitare,
1679 1812 1742 1855 non
1764 1792 1845 1856 enim

205 1899 365 1975 movebis3
389 1899 445 1962 sed
467 1899 522 1964 tibi
545 1920 584 1964 ne
607 1911 693 1984 opus'
709 1897 835 1982 quidem
859 1907 906 1962 est
927 1897 1027 1974 donis,
1051 1897 1197 1980 quoniam
1220 1895 1301 1959 ultro
1324 1905 1353 1958 te
1376 1891 1556 1958 comitabor.

361 2019 424 2085 Od.
440 2019 482 2083 X
503 2021 584 2085 268:
1028 2041 1037 2054 '
1601 2051 1620 2094 ρ

717 2115 800 2188 α’λλδ
823 2117 879 2204 ξύν
899 2121 1043 2196 τοῖςδεσι
1065 2123 1192 2187 θάσσω

390 2300 395 2310 ,
514 2216 691 2311 φεάχωμεν,
714 2219 761 2290 ἔτι
782 2216 845 2311 μάρ
867 2248 920 2289 κεν
942 2214 1115 2305 ἀλύξαιμεν
1136 2216 1235 2288 κακδν
1257 2211 1354 2310 ἦμαρ.

359 2345 459 2410 Νειιιο
482 2365 546 2408 ιιοιι
568 2343 669 2420 videt,
701 2345 786 2428 quod
809 2343 1030 2408 Baeumleinus
1052 2345 1226 2421 contendit,
1257 2343 1459 2429 posteriorem
1482 2343 1663 2408 sententiam
1687 2364 1747 2408 non
1771 2363 1844 2408 con-

205 2450 294 2536 sequi
316 2472 334 2514 e
355 2450 476 2537 priore,
499 2448 555 2514 sed
578 2470 703 2512 causam
726 2443 828 2534 potiu's
852 2447 1072 2512 cohortationis
1095 2448 1192 2512 illius:
1226 2442 1393 2534 φεύγωμεν
1415 2443 1446 2511 in
1470 2469 1503 2512 se
1526 2447 1699 2524 continere,
1722 2469 1739 2510 e
1759 2457 1846 2532 perte
1922 2501 1924 2510 ,

204 2565 325 2617 tanturn
347 2576 457 2618 verum
479 2574 557 2617 esse.
587 2549 777 2636 Saepissime
799 2552 882 2614 enim
904 2551 946 2626 id,
971 2551 1056 2635 quod
1079 2563 1315 2615 consecuturum
1334 2541 1385 2615 ¹est
1407 2573 1445 2616 ex
1467 2573 1501 2614 re
1523 2551 1635 2634 aliqua,
1659 2573 1752 2615 causa
1767 2571 1845 2628 esse,
1923 2566 1927 2574 '

205 2679 262 2721 cur
283 2657 361 2721 haec
383 2655 506 2742 agenda
524 2656 572 2732 sit,
594 2655 756 2720 indicatur.
789 2653 842 2720 Sic
865 2655 925 2718 hoo
947 2655 1016 2719 Ιοοο
1027 2653 1237 2739 Eurylochus,
1258 2653 1311 2738 qui
1333 2666 1463 2720 mortem
1486 2656 1636 2721 vitaturus
1657 2653 1783 2720 Ulixem
1805 2653 1846 2718 αδ

203 2759 311 2846 firgam
334 2759 492 2834 hortatur,
528 2757 711 2844 fugiendum
734 2781 802 2822 esse
832 2759 922 2835 dicit,
958 2781 1020 2842 quo
1042 2758 1124 2822 facto
1146 2757 1317 2822 incolumes
1338 2759 1398 2822 sint
1419 2758 1523 2824 futuri.
1566 2758 1677 2843 ltaque
1699 2758 1791 2824 etiam
1813 2757 1844 2822 in

203 2861 783 2945 niiislocishacparticuiacausam‚
807 2860 1052 2945 quamobrem
1076 2860 1193 2944 aliquid
1215 2860 1390 2924 faciendum
1413 2883 1480 2926 esse
1498 2862 1618 2938 dicitur,
1642 2859 1856 2924 addicamus-

205 2963 436 3064 prehendimus.
482 2960 565 3026 Cum
587 2973 694 3028 nostm
716 2965 787 3028 loco
809 2963 1065 3030 conferantnrll.
1087 2961 1185 3028 XIII.
1209 2963 1267 3028 55:

242 3043 405 3154 L‘TW
517 3103 623 3170 σφωιν
645 3077 683 3148 δ
704 3075 769 3150 ὦδε
792 3086 880 3152 θεῶν
900 3108 951 3162 τις
973 3083 1018 3152 ε’νί
1042 3086 1141 3173 φρεσί
1163 3081 1337 3174 ποιήσειεν,

512 3210 599 3252 ουτω
622 3180 660 3250 θ
681 3182 853 3269 ἑπόμεναι
874 3191 1048 3275 κρατερῶς,
1070 3189 1126 3254 καλ
1149 3181 1308 3276 άνιάχεμεν
1334 3179 1468 3265 άλλσσς·

512 3293 558 3376 τῷ
580 3315 617 3357 κε
640 3290 692 3358 καλ
717 3283 891 3370 ἐσσύμενόν
914 3313 977 3378 περ
1001 3284 1168 3379 ἐρωήσαιτ’
1191 3283 1259 3358 αἰιδ
1278 3293 1370 3378 νηῶν.

360 3409 455 3476 XVI.
479 3413 538 3475 40:

507 3528 566 3608 δδς
589 3534 625 3604 δὲ
647 3557 705 3616 μοι
727 3527 839 3616 ὤμοιϊν
860 3528 901 3600 τά
922 3529 966 3601 σά
987 3526 1103 3617 τεύχεα
1123 3537 1340 3623 θωρηχθῆναι

513 3637 587 3726 ῥεῖα
610 3635 647 3702 δέ
669 3629 694 3703 κ’
719 3633 859 3724 ἀκμῆτες
883 3632 1060 3726 κεκμηότας
1081 3632 1200 3723 άνδρας
1220 3631 1302 3724 ditty}

517 3735 659 3823 ὤσαιμεν
681 3742 777 3827 προτὶ
800 3735 883 3810 άστυ
905 3745 981 3808 νεῶν
1001 3737 1067 3808 άιτο
1089 3739 1141 3808 καὶ
1163 3733 1322 3808 κλισιάων.

356 3859 437 3927 ΧΧ.
461 3860 540 3925 366:

515 3984 624 4069 Τρῶες
647 3973 846 4069 ὑπέρθυμοι,
868 3974 915 4068 μη
936 3981 1057 4048 δείδιτε
1079 3977 1271 4070 Πηλείωνά·

514 4083 567 4150 καί
588 4111 642 4152 κεν
664 4079 745 4171 e’yoiv
767 4083 897 4151 ἐπέεσσι
919 4085 972 4151 καί
994 4079 1189 4152 ἀθανάτοισι
1210 4081 1372 4173 μαχοίμην
1389 4075 1422 4150 ιι.
1443 4107 1472 4150 τ.
1495 4084 1523 4150 λ.

357 4188 414 4254 Ν.
439 4189 497 4252 94:

511 4308 628 4396 τλαίης
649 4331 702 4376 κεν
723 4303 882 4394 Μενελάῳ
904 4306 1100 4398 ἐπιπροέμεν
1118 4306 1218 4390 ταχδν
1239 4304 1304 4377 tto·

507 4414 589 4478 πᾶσι
612 4410 648 4478 δέ
669 4435 707 4478 κε
733 4406 877 4501 Τρώεσσι
897 4407 989 4500 χάριν
1010 4411 1062 4480 καλ
1084 4412 1182 4488 κῦδος
1203 4405 1306 4496 άροιο.
1422 4458 1427 4467 ·

357 4536 420 4612 Od.
443 4529 523 4596 XII.
542 4531 621 4597 106:

715 4635 761 4726 μή
782 4635 859 4724 cire
880 4641 970 4706 κεῖθι
989 4631 1106 4720 rixose,
1127 4630 1180 4704 ὅτε
1200 4631 1411 4723 ῥοιβδήσειεν,

488 4801 492 4810 .
513 4745 552 4822 οὐ
571 4744 632 4836 γάρ
654 4767 708 4812 κεν
729 4737 865 4834 ῥύσαιτο
885 4735 915 4808 α’
936 4732 993 4807 ὑπ’
1014 4737 1049 4806 ἐκ
1069 4741 1170 4806 κοιιοῦ
1191 4731 1259 4806 δάδ
1279 4733 1479 4821 Ἐνοσίχθοιν
1548 4800 1552 4810 ,
