4508 5666
915 609 1168 710 *1⁷7

127 807 132 818 '
214 807 398 882 Samum
420 805 875 894 hocprmliisugumento
898 822 973 876 uste
995 819 1087 886 emt,
1110 823 1328 896 utumqaam
1351 811 1474 877 eumin
1496 810 1586 878 initio
1607 813 1869 880 mationisdlce·

212 923 260 978 ret
281 911 465 979 collocatam
488 909 632 996 reperiri,
655 911 733 994 quin
754 910 831 987 alia,
854 910 895 974 ad
915 933 1000 995 qnae
1019 912 1184 978 referenda
1205 923 1304 992 esset,
1339 913 1435 980 verba
1457 915 1692 1008 antecederent,
1726 915 1866 983 Baeutns

128 1029 135 1042 ’
212 1015 313 1087 team
333 1016 421 1083 locos
442 1015 561 1098 aliquot
582 1013 700 1090 attulit,
734 1035 754 1078 e
782 1011 897 1096 quibua
927 1015 1043 1080 factum
1072 1038 1141 1080 esee
1163 1017 1213 1093 id,
1248 1015 1334 1100 quod
1356 1016 1407 1082 ille
1429 1017 1658 1104 denegaverat,
1691 1020 1885 1086 luculenter·

212 1129 372 1204 apparet·
394 1116 496 1187 Nemo
512 1119 591 1201 jam,
614 1117 742 1204 opinor,
766 1115 889 1182 dehoc
911 1141 970 1184 nen
991 1118 1155 1196 dubitabit,
1179 1119 1233 1204 qui
1255 1117 1448 1204 frequentior
1469 1121 1565 1186 etiam
1585 1135 1650 1201 est,
1680 1143 1776 1208 qnam
1797 1124 1866 1210 ipae
1921 1133 1925 1142 '

214 1221 252 1296 B.
274 1221 452 1302 existimare
472 1220 613 1296 ridetur,
647 1217 675 1286 ai
696 1219 823 1302 quidem
846 1241 908 1286 non
930 1221 1029 1288 auu
1050 1219 1219 1306 particulae
1241 1221 1303 1286 hoc
1323 1220 1419 1286 modo
1441 1235 1608 1310 usurpatae
1630 1225 1869 1312 esse1exempla

212 1324 363 1393 concedit.
407 1323 511 1391 lmmo
533 1333 606 1390 sunt
627 1322 790 1408 permulta.
836 1321 936 1399 Haec,
960 1325 986 1400 ei
1008 1346 1084 1390 vera
1104 1335 1178 1390 sunt
1199 1345 1246 1400 ea,
1281 1345 1362 1408 quae
1385 1324 1426 1390 de
1446 1327 1673 1413 significatione
1695 1330 1866 1415 particulae

200 1429 295 1504 dxi,
318 1427 395 1494 nihil
418 1425 599 1502 offensionis
620 1425 748 1491 habent
792 1423 868 1490 ‹lam
896 1449 991 1511 supra
1012 1429 1095 1494 enim
1118 1428 1333 1512 exemplorum
1356 1449 1437 1510 quae
1459 1431 1547 1494 attuli
1569 1431 1719 1500 nonnulla
1739 1432 1787 1497 sic
1808 1453 1866 1498 ex·

214 1531 338 1617 plicavi,
362 1545 482 1598 utnon
504 1531 545 1600 sd
566 1553 634 1596 eam
657 1530 852 1606 sententiam,
876 1551 957 1613 quae
980 1531 1084 1598 verbis
1106 1531 1363 1600 antecedentibus
1385 1529 1543 1598 declarate
1564 1545 1656 1610 esset,
1678 1533 1736 1600 sed
1756 1533 1799 1598 ud
1820 1533 1864 1610 id,
1954 1535 1955 1542 '

212 1635 298 1720 quod
320 1635 424 1702 animo
446 1659 503 1702 suo
528 1635 676 1702 solvisset
696 1634 741 1710 is,
771 1635 861 1717 cujus
884 1647 988 1700 essent
1009 1657 1047 1700 ea
1069 1635 1182 1714 verba,
1212 1635 1368 1720 respicere
1389 1635 1595 1703 ostenderem
1640 1637 1730 1704 ldem
1750 1635 1868 1705 dehis

213 1741 381 1808 dicendum
403 1753 459 1807 est.
485 1739 631 1806 Etenim
658 1751 694 1804 ut
726 1739 758 1802 in
784 1739 845 1806 illis
868 1761 885 1804 e
909 1751 1012 1806 uetera
1034 1741 1183 1818 credone,
1207 1741 1284 1826 qnid
1306 1740 1401 1806 tacita
1421 1740 1611 1826 cogitatione
1633 1739 1867 1817 adsumendum

212 1843 260 1920 sit,
281 1843 413 1930 intelligi
434 1853 548 1930 potest,
572 1845 615 1907 ita
636 1843 668 1907 in
690 1841 739 1906 his
762 1861 781 1910 e
802 1853 868 1908 tota
887 1845 1074 1920 narratione,
1097 1867 1114 1910 e
1138 1845 1412 1926 condicione-ejus
1434 1844 1488 1928 qui
1509 1843 1657 1928 loquinrr,
1681 1866 1721 1908 ex
1738 1843 1778 1908 iia
1791 1863 1865 1908 ver·

211 1945 269 2022 bis,
293 1947 333 2010 ad
356 1967 436 2030 quae
458 1945 643 2031 respondet,
674 1945 764 2013 focile
792 1965 856 2028 quc
886 1946 1049 2012 reserenda
1075 1949 1116 2012 sit
1137 1947 1288 2032 particule
1309 1956 1447 2032 apparet.
1481 1945 1604 2012 Nollem
1627 1968 1702 2014 vero
1724 1945 1862 2012 Bacunt-

211 2049 311 2114 leinus
333 2049 374 2115 ad
396 2049 593 2136 probandum
617 2049 701 2114 hunc
724 2073 815 2114 usum
837 2049 908 2112 loeo
932 2047 1038 2113 Iliadis
1059 2071 1134 2113 usus
1158 2061 1254 2126 esset,
1278 2049 1333 2132 qui
1355 2049 1469 2136 legitur
1491 2047 1553 2117 lX.
1575 2051 1657 2115 363:

523 2168 555 2238 εἰ
577 2169 614 2238 df
637 2195 689 2236 κεν
710 2165 863 2257 εὐπλοίην
885 2164 953 2258 δώῃ
975 2168 1089 2250 κλυτὰς
1111 2164 1327 2258 Ἐννοσιγαῖος,

524 2269 625 2364 ἤματί
647 2301 682 2342 κε
705 2268 845 2362 τριτάτῳ
866 2275 975 2363 Φθίην
998 2275 1153 2364 ἐρίβωλον
1175 2276 1314 2363 ἱκοίμην.

365 2395 576 2464 Posteriorem
600 2397 712 2465 horum
736 2418 898 2476 versuum,
934 2419 1029 2482 ‹puum
1058 2409 1177 2464 mutmo
1198 2397 1327 2484 ἱκοίμην
1349 2398 1381 2462 in
1402 2395 1489 2467 ἰ’κοιο
1514 2393 1662 2463 Socrates
1684 2395 1865 2482 apudAPts·

214 2509 318 2562 tonem
342 2499 436 2584 (Urit.
458 2523 490 2586 p.
513 2503 555 2564 44
579 2499 621 2572 Bt
645 2499 816 2572 mulierem,
839 2501 974 2582 quaein
997 2523 1107 2564 somno
1129 2500 1189 2566 sibi
1211 2500 1416 2587 apparuisset,
1439 2498 1585 2564 recitasse
1602 2498 1702 2564 dicate
1728 2497 1864 2564 Baeum·

212 2601 312 2665 leinus
334 2623 374 2666 ex
386 2603 503 2667 omisso
524 2603 637 2688 priore,
655 2601 819 2668 Platonem
842 2623 905 2666 non
928 2603 980 2678 ita,
1003 2615 1038 2667 ut
1060 2603 1212 2668 sententia
1234 2605 1301 2687 ejus
1321 2624 1361 2666 ex
1372 2601 1424 2666 illo
1437 2615 1656 2686 consequatur,
1676 2601 1865 2666 intellexisse

202 2704 338 2792 ‚colligit
373 2704 440 2770 Sed
461 2704 618 2770 docuisset
640 2693 762 2781 vellem,
787 2707 945 2788 quomodo
968 2707 1029 2771 hoc
1052 2703 1137 2795 quod
1149 2703 1289 2772 Achilles
1313 2705 1396 2781 dicit,
1421 2729 1463 2772 sc.
1478 2705 1502 2766 si
1514 2701 1674 2788 Neptunus
1692 2702 1864 2768 secundum

213 2804 265 2870 det
288 2817 426 2884 ventum,
460 2809 550 2872 tertio
574 2808 624 2872 die
645 2806 792 2872 Phthiam
817 2821 981 2874 venturum
1005 2833 1082 2886 esse,
1117 2809 1332 2896 accipiendum
1355 2809 1404 2883 eit,
1438 2805 1497 2870 cisi
1520 2807 1572 2884 ita,
1595 2817 1630 2871 ut
1651 2805 1764 2872 idonea
1786 2815 1865 2870 tem·

213 2921 317 2995 pestes
345 2933 440 2975 eausa
461 2912 591 2978 feliciter
613 2923 757 2998 peractae
780 2913 986 2998 navigationis
1020 2935 1088 2978 esse
1110 2914 1309 3000 intelligatur.
1355 2909 1478 2992 Quodsi
1501 2912 1603 2976 minus
1625 2921 1699 2996 apta
1720 2910 1866 2974 versuia

213 3016 341 3080 muliere
364 3015 457 3081 allato
486 3016 636 3104 particula
664 3016 838 3080 videretur:
870 3034 973 3080 nonne
1002 3015 1183 3100 saepissime
1212 3025 1375 3101 poetarum
1397 3013 1458 3077 loci
1480 3025 1608 3100 propter
1629 3032 1734 3077 rerum
1757 3013 1865 3077 simili·

213 3119 350 3182 tudinem
374 3118 570 3196 adhibentur,
595 3117 714 3182 etiamsi
737 3141 834 3181 unum
854 3119 903 3181 vel
916 3117 1045 3181 alterum
1058 3119 1237 3196 verborum,
1261 3117 1356 3182 modo
1368 3138 1407 3179 ne
1423 3116 1595 3180 sententiae
1605 3129 1769 3204 repugnet,
1792 3137 1865 3180 cum

213 3243 246 3285 re
267 3223 423 3308 praesenti
445 3245 508 3286 non
531 3233 675 3286 accurate
698 3221 885 3286 conveniat?
915 3219 1035 3285 Socrati
1060 3241 1134 3285 vero
1156 3245 1232 3285 num
1255 3221 1315 3286 alia
1337 3217 1434 3283 verba
1456 3219 1486 3282 in
1511 3220 1692 3284 memoriam
1716 3219 1863 3298 redirent,

112 3378 122 3391 .
213 3347 307 3410 quam
330 3347 411 3410 quae
433 3327 517 3412 apud
530 3325 705 3390 Homerum
728 3323 878 3412 legisset?
898 3323 981 3388 Num
1004 3323 1089 3390 illum
1114 3347 1249 3402 versum,
1274 3324 1359 3410 quod
1381 3319 1456 3384 nibil
1480 3345 1513 3385 se
1536 3323 1653 3388 habere
1667 3306 1864 3410 intelligeret,

213 3453 276 3514 quo
302 3429 379 3495 illud
409 3429 461 3499 κέν
489 3429 633 3508 referret,
668 3430 767 3513 ejecta
795 3427 907 3492 vocula
936 3449 1081 3491 mancum
1104 3426 1269 3490 recitaret?
1303 3423 1369 3490 Sed
1395 3425 1528 3488 fortasse
1550 3427 1617 3512 ipae
1641 3425 1679 3490 B.
1703 3425 1780 3490 nihil
1803 3427 1864 3490 hcc

212 3534 283 3598 loco
312 3533 458 3618 probari,
493 3531 612 3596 dudum
641 3531 802 3596 intellexit
846 3529 970 3594 Nexum
1000 3530 1157 3594 causalem
1180 3529 1206 3592 ai
1229 3540 1367 3614 spectas,
1402 3528 1503 3616 aptius
1526 3529 1716 3594 simillimum
1739 3550 1865 3593 versum

212 3636 323 3713 attulit,
347 3636 401 3720 qui
423 3645 470 3700 eet
490 3636 522 3700 in
546 3634 609 3702 Od.
633 3633 673 3700 V.
691 3636 751 3699 34:
1258 3643 1262 3650 '

524 3745 623 3844 ἤματί
644 3750 672 3821 κ’
695 3751 831 3840 εἰκοστῷ
853 3753 988 3840 Σχερίην
1009 3747 1163 3838 ἐρίβωλον
1183 3751 1299 3821 ἵκοιτο.

276 3859 279 3872 ’
366 3875 450 3940 Nihil
472 3876 555 3940 enim
574 3874 873 3940 inantecedentibus
892 3873 1077 3954 dictumest,
1102 3873 1185 3940 unde
1201 3873 1310 3961 viginti
1322 3875 1401 3942 diest
1412 3875 1540 3942 Ulixem
1552 3873 1771 3964 navigaturum
1783 3897 1863 3951 esse,

211 3981 316 4070 colligi
337 3983 444 4070 possit.
475 3981 625 4047 ¹Duobus
653 3993 758 4044 antem
788 3977 837 4044 bis
866 3979 943 4043 locis
972 3979 1053 4043 inter
1079 3999 1114 4042 ee
1147 3978 1353 4066 comparatis,
1387 4003 1481 4044 unam
1514 3979 1642 4063 quidem
1674 4002 1742 4044 esse
1775 3991 1865 4066 pote-

211 4099 321 4150 statem
344 4085 523 4172 particulae,
547 4108 638 4149 usum
660 4106 735 4148 vero
759 4083 890 4160 varium,
913 4071 1078 4148 manifesto
1100 4093 1229 4168 apparet
1236 4106 1245 4160 ;
1269 4084 1453 4148 sententiam
1476 4081 1558 4146 enim
1581 4104 1709 4168 prorsus
1733 4081 1864 4146 eandem

211 4190 334 4255 diverse
356 4190 476 4255 ratione
497 4183 753 4254 antecedentibus
776 4185 880 4250 verbis
901 4184 1053 4278 adnexam
1076 4207 1144 4250 esse
1167 4185 1326 4251 videmus:
1356 4187 1388 4251 in
1417 4183 1471 4250 illo
1494 4185 1534 4248 ad
1556 4184 1732 4250 membrum
1755 4183 1864 4250 condi-

211 4291 346 4370 cionale,
371 4293 402 4358 in
424 4292 486 4357 hoc
510 4293 550 4357 ad
573 4291 671 4358 verba
693 4293 762 4355 illa:

521 4391 645 4484 Nrippp
668 4387 862 4482 ι’ϋπλσκᾶμῳ
884 4391 987 4459 εἰπεῖν
1008 4391 1165 4480 κρμὲρτεα
1185 4391 1315 4482 βουλήν,

520 4493 631 4568 νόστοι
651 4493 828 4586 Ὀδυσσῆος
849 4495 1104 4586 ταλασίφρονος·

211 4605 354 4696 respicit;
377 4603 503 4692 Jupiter
525 4603 608 4667 enim
631 4623 728 4688 quum
751 4611 843 4665 antea
857 4599 1028 4663 rediturum
1041 4621 1109 4665 esee
1122 4597 1249 4666 Ulixem
1262 4600 1407 4678 dixisset,
1432 4597 1606 4666 accuratius
1619 4620 1712 4676 nunc,
1737 4608 1865 4662 utrecte

212 4708 432 4776 Baeumleinus
454 4705 591 4786 monuit,
615 4703 742 4790 quando
766 4715 796 4768 et
819 4701 977 4788 quomodo
1000 4705 1156 4769 rediturus
1179 4704 1235 4806 sit,
1259 4704 1354 4768 addit.
1399 4701 1546 4768 Debebut
1575 4711 1680 4766 autem
1705 4701 1765 4768 tale
1788 4700 1874 4808 quid=

1636 4805 1656 4870 3
