4508 5666
903 587 1127 656 ..rh

352 791 502 858 Permulti
522 800 625 854 autem
648 800 721 854 sunt
740 787 813 868 loci,
835 789 867 856 in
889 790 1004 874 quibus
1027 786 1273 864 tanmmabest,
1307 799 1342 852 ut
1362 787 1468 854 addito
1490 783 1529 856 ἀν
1548 788 1700 854 sententia
1721 789 1839 854 incerta

201 895 348 960 reddatur
375 935 416 944 —
447 894 528 960 hauc
550 893 631 958 enim
655 893 717 958 vim
741 913 809 958 esse
830 893 1022 960 condicionis
1044 889 1245 956 Hermannus
1268 903 1373 955 censet
1396 927 1453 967 -‚
1487 901 1522 956 ut
1544 891 1747 957 certissimam
1770 916 1837 958 earn

198 1019 268 1064 ease
289 1011 524 1167 appplrealt:300

938 1151 947 1180 Ι

505 1209 568 1276 τῶν
589 1195 619 1270 δ’
640 1197 754 1286 iluna
775 1197 798 1272 ἀ
817 1203 878 1288 μοι’
901 1202 971 1272 ἐστι
994 1206 1061 1292 θοῇ
1082 1197 1173 1290 παραὶ
1194 1200 1249 1289 νηῒ
1265 1201 1412 1288 μελαίνῃ,

505 1312 568 1376 τῶν
590 1299 648 1374 oris
670 1301 708 1374 ἀν
728 1331 760 1372 τι
781 1304 895 1396 φέροις
915 1301 1032 1390 ἀνελών
1053 1301 1201 1380 ἀέκοντος
1223 1301 1331 1388 ἐμεῖο·

353 1413 414 1477 III.
439 1414 496 1476 liti:
520 1407 599 1479 ἑκιάν
621 1407 651 1476 δ’
673 1403 730 1476 osia
754 1405 791 1476 ἀν
813 1433 861 1488 τις
883 1409 998 1492 ἕλοιτο.

352 1515 410 1581 IV.
435 1517 515 1580 223:
768 1599 772 1610 ‚

507 1631 575 1705 ἔνθ’
598 1629 656 1704 σιίι
679 1629 718 1705 ἂν
737 1635 893 1722 βρίζοντα
915 1638 998 1716 ἴδοις
1021 1631 1237 1723 Ἀγαμέμνονα
1261 1634 1339 1702 δῖον.

352 1743 427 1822 XV.
452 1745 509 1808 69:
1126 1817 1130 1824 ι

505 1861 540 1930 alr
561 1866 621 1930 τοῦ
642 1857 672 1927 d’
694 1855 734 1928 ἀν
753 1883 803 1928 τοι
822 1855 939 1929 enses
961 1859 1118 1944 παλίωξιν
1140 1853 1233 1947 παραὶ
1254 1862 1335 1946 apris

510 1963 579 2033 αἰὲν
600 1959 662 2051 ἀγοί
683 1958 830 2048 τεύχοιμι
852 1965 1030 2051 διαμπερές
1052 1991 1080 2030 ιι.
1102 1991 1130 2034 τ.
1152 1967 1181 2035 ί.

350 2089 374 2172 d.
399 2095 427 2153 s.
474 2086 540 2152 sed
569 2085 655 2170 quod
676 2083 879 2152 Hermannus
908 2098 938 2149 et
970 2086 1022 2150 alii
1051 2085 1111 2150 hac
1139 2084 1291 2169 particula
1313 2084 1429 2169 ubique
1451 2086 1483 2149 id
1506 2085 1592 2169 quod
1614 2085 1702 2150 aliter
1724 2095 1841 2150 certum

198 2194 422 2276 definitumque
444 2201 526 2256 esset
547 2190 699 2256 incertum
722 2203 753 2252 et
774 2187 929 2254 inlinitum
950 2187 1039 2252 reddi
1061 2187 1179 2264 dicunt,
1201 2187 1358 2276 Reisigiua
1381 2212 1467 2270 vero,
1491 2190 1541 2258 cui
1563 2189 1697 2257 assensit
1706 2188 1842 2274 Baeurn·

198 2298 315 2372 lemna,
351 2317 419 2359 eam
449 2293 587 2379 optativo
618 2291 755 2356 additam
777 2314 844 2356 rem
867 2312 1040 2376 quamque,
1075 2313 1156 2375 quae
1184 2291 1251 2356 fieri
1273 2315 1366 2378 posse
1389 2292 1572 2379 simpliciter
1592 2313 1648 2378 per
1670 2291 1842 2376 optativum

199 2399 327 2476 dicatur,
351 2396 534 2461 confirmare
556 2407 675 2461 censet:
702 2407 869 2480 utrumque
892 2405 923 2459 et
944 2416 1052 2460 verum
1075 2407 1106 2460 et
1127 2395 1240 2460 falsum
1263 2407 1318 2462 est.
1364 2395 1415 2462 De
1437 2397 1505 2461 allis
1526 2394 1616 2462 verbi
1637 2395 1746 2460 tonnis
1769 2394 1842 2459 Rei·

198 2503 295 2589 sigius
318 2523 388 2565 cum
411 2497 594 2564 Hermanno
627 2500 798 2578 consentit,
832 2497 918 2564 addit
950 2498 1049 2562 enims
1084 2508 1212 2586 „eontra
1241 2499 1349 2563 eadem
1373 2499 1541 2566 indicativo
1563 2498 1790 2584 participioque
1812 2511 1842 2562 et

196 2606 349 2672 infinitivo
372 2625 479 2668 eorum
503 2613 677 2688 temporum
700 2603 846 2688 adjuncta
868 2602 981 2690 quibus
1003 2623 1083 2680 non,
1117 2623 1211 2687 posse
1240 2601 1307 2666 lieri
1330 2603 1463 2688 aliquid,
1494 2603 1551 2668 aed
1572 2604 1640 2688 ipsa
1662 2603 1775 2667 veritas
1798 2603 1842 2666 rei

198 2709 396 2796 exprimitur,
429 2707 531 2772 reddit
560 2705 687 2772 dubiam
715 2707 814 2793 magis
844 2706 1057 2770 sententiam.“
1109 2703 1154 2768 At
1186 2704 1262 2769 nihil
1292 2705 1421 2772 dubium
1444 2706 1601 2783 redditur;
1634 2707 1841 2791 nequeenim

197 2813 310 2877 veritas
332 2811 465 2897 amplius
488 2821 543 2887 est,
567 2828 647 2894 quae
669 2819 717 2872 est
738 2808 834 2874 dubia
854 2808 976 2874 reddita
997 2830 1099 2892 neque
1122 2807 1236 2872 dubiae
1259 2811 1304 2875 rei
1326 2812 1547 2898 exprimendae
1562 2811 1587 2876 is
1601 2807 1722 2882 modus,
1748 2831 1840 2894 quern

197 2915 358 2981 veritatem
380 2915 556 3002 significare
589 2913 719 2990 docent,
752 2911 808 2976 sed
837 2911 994 2998 optativus
1023 2911 1185 2997 eligendus
1215 2925 1288 2975 erat.
1341 2910 1452 3000 Itaque
1474 2911 1559 2978 Reis.
1582 2923 1710 3000 propter
1731 2911 1840 2978 salsam

187 3031 289 3106 'quam
324 3022 363 3085 de
392 3020 493 3086 modis
520 3028 705 3104 conceperat
727 3015 885 3080 notionem
907 3015 990 3101 ipse,
1024 3025 1059 3078 ut
1081 3016 1148 3100 ejus
1170 3014 1273 3080 verbis
1296 3023 1381 3093 utar,
1417 3016 1480 3081 suis
1503 3039 1536 3082 se
1557 3017 1677 3102 laqueis
1699 3017 1839 3082 irretivit.

198 3123 279 3189 Illud
301 3124 428 3208 quidem
452 3122 601 3200 concedo,
625 3121 801 3187 confirmed
823 3119 1008 3184 sententiam
1030 3118 1137 3183 addita
1157 3119 1310 3205 particula
1331 3119 1363 3182 in
1385 3120 1542 3206 plerisque
1564 3122 1651 3199 loeis,
1674 3121 1840 3206 inquibus

110 3211 116 3232 ⁸
197 3228 338 3292 condicio
361 3227 467 3291 addita
487 3249 551 3291 non
573 3225 629 3304 sit;
663 3227 743 3290 inter
765 3245 926 3301 acerem,
950 3223 1004 3308 qui
1026 3221 1164 3286 additam
1187 3221 1319 3300 habent,
1353 3245 1416 3287 non
1438 3224 1530 3311 pauci
1553 3235 1641 3303 sunt,
1671 3224 1840 3310 inquibus

196 3331 351 3417 optativus
374 3331 414 3395 ad
435 3331 499 3394 vim
520 3329 678 3395 indicativi
700 3314 876 3415 temporur'n
898 3325 1118 3392 historicorum
1138 3347 1238 3412 prope
1260 3325 1398 3392 accedat.
1430 3325 1469 3391 In
1490 3328 1538 3393 his
1562 3352 1657 3413 quum
1677 3329 1709 3393 id
1724 3329 1764 3394 de
1777 3353 1839 3414 quo

195 3434 297 3520 agitur
317 3433 383 3498 fieri
406 3444 547 3519 negetur,
572 3433 655 3497 nullo
679 3433 773 3496 modo
795 3431 902 3496 addita
923 3429 1074 3516 particula
1096 3429 1284 3493 eontrarium
1308 3451 1432 3495 sensum
1449 3431 1573 3496 efficere
1584 3444 1696 3518 potest.
1730 3433 1839 3497 Unum

195 3537 371 3624 exemplum
394 3537 533 3602 attulisse
555 3537 629 3600 satis
651 3537 726 3600 erit:
750 3535 787 3600 Il.
811 3533 927 3598 XXII.
947 3535 1006 3597 20:

503 3647 524 3744 η’
546 3649 573 3722 σ’
596 3653 635 3723 ἀν
655 3655 815 3744 τισαίμην,
838 3653 870 3721 εί
889 3678 946 3738 μοι
968 3647 1104 3736 δύναμίς
1124 3677 1160 3741 γε
1182 3653 1311 3742 παρείη.

193 3777 264 3842 Non
287 3778 410 3863 ignorat
430 3775 582 3852 Achilles,
605 3799 639 3842 se
657 3777 837 3862 Apollinem
859 3775 966 3840 ulcisci
989 3797 1051 3840 non
1073 3796 1177 3860 posse.

348 3879 500 3946 Condicio
523 3879 615 3958 enim,
639 3880 814 3964 cuicunque
836 3879 881 3944 rei
900 3877 1006 3942 addita
1028 3889 1085 3956 est,
1108 3901 1177 3944 eam
1198 3879 1394 3944 incertiorem
1418 3879 1529 3958 reddit,
1553 3881 1579 3945 si
1593 3904 1838 3968 comparescnm

194 3986 303 4052 eadem
325 4005 358 4046 re
381 3983 447 4047 sine
469 3983 652 4066 condicione
672 3985 790 4074 posita,
821 3983 969 4068 quoniam
991 3984 1069 4050 haec
1091 4007 1147 4070 per
1168 4007 1202 4052 se
1224 4008 1300 4080 vera
1321 3997 1368 4050 est
1390 4006 1492 4070 neque
1515 4007 1553 4048 ex
1576 3982 1691 4048 aliare
1712 3984 1837 4074 pendet.

193 4089 313 4154 Contra
342 4086 451 4151 eadem
481 4087 543 4152 vim
571 4087 776 4154 confirmandi
806 4085 917 4164 habet,
951 4087 977 4151 si
1006 4088 1067 4153 hoc
1089 4089 1223 4152 maxime
1246 4090 1418 4176 spectatur,
1452 4087 1578 4176 Impleta
1601 4089 1783 4158 condicione
1805 4089 1837 4153 id

193 4193 279 4276 quod
309 4191 348 4257 ab
378 4211 415 4254 ea
443 4187 575 4274 pendeat
605 4215 668 4257 non
690 4213 783 4278 posse
805 4213 868 4254 non
890 4189 967 4254 fieri.
1015 4190 1072 4258 Sin
1095 4213 1244 4276 quaeras,
1278 4203 1380 4256 utrum
1405 4195 1470 4256 veri
1493 4191 1622 4258 similius
1645 4193 1699 4266 sit,
1735 4193 1837 4258 littura

193 4318 261 4360 ease
291 4317 329 4360 ea
358 4313 438 4380 quae
467 4315 486 4356 a
518 4294 700 4360 condicione
723 4316 874 4381 suspensa
896 4293 972 4374 sint,
996 4317 1037 4358 an
1058 4316 1121 4358 non
1144 4294 1264 4358 futura:
1294 4295 1462 4360 nunidem
1485 4294 1524 4359 de
1547 4294 1691 4361 omnibns
1713 4309 1836 4358 senteu-

195 4399 243 4464 tiis
274 4396 373 4474 valet,
408 4394 463 4460 aed
486 4417 525 4459 ex
547 4418 584 4462 eo
608 4420 657 4464 res
679 4398 816 4485 pendet,
849 4410 953 4464 utrum
976 4397 1137 4486 impletum
1162 4397 1199 4462 iri
1222 4397 1436 4464 condicionem
1459 4401 1669 4488 suspicemur,
1705 4425 1743 4462 an
1773 4424 1834 4485 non

194 4501 351 4588 impletum
376 4500 423 4564 iri.
459 4497 615 4588 Exempla
636 4503 747 4589 prioris
768 4501 892 4592 generis
911 4501 1027 4586 ubique
1049 4500 1205 4587 leguntur,
1229 4501 1268 4565 cf.
1293 4500 1329 4564 Il.
1353 4499 1450 4568 XIII.
1477 4505 1554 4568 740:

498 4619 566 4693 ἀλλ’
588 4618 849 4707 ἀναχασσάμενος
871 4615 962 4692 arilei
985 4618 1105 4694 tactos
1124 4618 1248 4700 πάντας
1270 4619 1436 4708 ἀρίστους·

501 4723 596 4796 ἔνθεν
618 4721 648 4792 d'
669 4721 708 4794 ἂι
725 4722 816 4812 μάλα
838 4729 945 4796 πᾶσαν
967 4725 1261 4816 ἐπιφρασσαίμεθα
1280 4723 1412 4817 βουλήν.
