4508 5666
921 605 1173 680 ...25-

534 805 700 896 Ml·
719 811 775 878 νῦν
790 803 882 890 ἄμμε
906 803 1236 894 nemrim
1254 801 1317 878 m

534 906 586 999 εἰψ
607 905 858 999 ἀπονοστήσειν,
880 913 912 978 ct
930 935 984 980 νιεν
1003 906 1146 980 θάνατόν
1165 933 1202 996 γε
1224 908 1392 1002 φύγοιμεν·
1700 996 1707 1004 ἱ

378 1015 501 1084 Eodem
524 1037 619 1082 cnunc
641 1024 689 1082 ενι
710 1035 819 1096 οοειιιο
842 1015 1210 1099 εοιιμοίειοεοιιι,ὀιιιε
1232 1015 1273 1082 ub
1295 1008 1367 1084 orld'
1392 1015 1426 1080 ct
1444 1035 1481 1082 νε
1502 1012 1672 1100 ἱοείριοιιι,
1702 1009 1763 1074 nini
1790 1011 1876 1093 quot

224 1118 275 1186 his
294 1119 482 1187 antecedent
500 1119 656 1204 sententie
670 1142 736 1188 nou
747 1120 953 1207 reetrinffltur,
976 1119 1033 1186 sed
1044 1129 1176 1206 ungetur
1187 1121 1291 1214 potius
1302 1141 1341 1184 uo
1351 1118 1571 1193 confirmatum
1595 1115 1632 1182 ll
1645 1111 1781 1190 xxm,
1791 1112 1873 1178 aet:

537 1215 595 1293 ούν
617 1216 693 1294 ἔσθ’
714 1217 751 1298 ὅτ
771 1245 808 1292 νε
830 1218 859 1292 ιε’
881 1221 973 1311 ἕλῃσι
994 1217 1211 1306 μετάλμενος,
1234 1217 1313 1292 odet
1334 1219 1500 1310 παρέλθῃ.
1522 1247 1525 1268 ·

537 1319 608 1394 crid'
629 1327 662 1394 cl
681 1349 732 1394 m
753 1322 954 1410 μετόπισθεν
973 1323 1119 1416 Ἀρεύονιι
1141 1327 1211 1394 οῖον
1232 1320 1372 1394 ἐλαύνοι.

380 1426 439 1494 Sin
461 1429 661 1514 errhcequitur
682 1431 846 1518 repedetis,
870 1431 979 1498 cedem
994 1431 1060 1498 tere
1075 1451 1192 1517 genere
1206 1429 1364 1494 relationis
1378 1426 1668 1504 udduntecedentiu,
1690 1447 1772 1510 quoe
1783 1445 1878 1510 cupre

224 1543 397 1598 memoratu
418 1543 507 1610 runt,
536 1535 747 1620 agnoscimus.
790 1535 857 1602 Aut
879 1536 961 1600 enim
985 1555 1111 1600 cuneum
1133 1532 1237 1598 reddit
1258 1531 1408 1618 proteris,
1443 1553 1500 1598 our
1527 1531 1561 1596 id
1583 1531 1669 1615 quod
1696 1531 1730 1596 in
1752 1541 1878 1596 mtecc-

82 1651 87 1665 “
225 1633 371 1744 dentibus
392 1635 520 1723 legitur,
543 1637 587 1702 ite
608 1637 874 1722 quemadmodum
896 1637 1014 1704 dictum
1037 1647 1100 1715 eet,
1124 1660 1160 1702 ee
1180 1635 1311 1713 hebent,
1333 1645 1368 1700 ut
1390 1636 1424 1702 in
1446 1635 1485 1700 ll.
1501 1633 1594 1710 vm,
1617 1635 1679 1699 201
1702 1655 1792 1718 ηερε

843 1741 919 1810 oudl
940 1737 978 1808 νύ
1001 1740 1055 1810 ccl
1077 1763 1141 1830 περ
1561 1773 1565 1784 ·

539 1838 717 1926 ὀλλυμένων
737 1849 875 1914 Δαναῶν
896 1838 1094 1932 ὀλοφύρεται
1117 1841 1152 1910 ἐν
1171 1845 1267 1932 φρεσὶ
1289 1838 1418 1927 θυμός,

538 1949 634 2034 ειπερ
654 1944 717 2036 γάρ
739 1943 767 2014 κ’
789 1945 971 2030 ἐθέλοιμεν,
993 1943 1068 2016 ὅσοι
1090 1954 1268 2018 Δαναοῖσιν
1290 1944 1419 2036 docem,

547 2053 661 2139 Τρῶας
681 2044 885 2120 ἆπιύσαοθαι
907 2051 961 2118 καὶ
982 2049 1136 2139 ε’ρυνιὲμεν
1156 2046 1305 2140 εὐρύοπα
1327 2049 1415 2142 Ζῆν’,

541 2149 641 2223 ούτού
662 2179 689 2218 ιι.
713 2179 741 2224 τ.
764 2155 794 2222 l..

229 2255 271 2322 Ol
292 2257 344 2322 elii
365 2257 436 2336 loci,
459 2259 491 2322 in
515 2259 630 2344 quibus
650 2256 712 2346 γάρ
735 2260 876 2324 additum
896 2272 962 2338 eet,
985 2271 1020 2324 ut
1042 2259 1086 2338 ΙΙ,
1111 2261 1190 2337 123;
1222 2271 1275 2324 cut
1304 2259 1347 2326 inu
1368 2258 1411 2324 nd
1431 2256 1648 2322 antecedentis
1668 2253 1811 2342 respicit,
1846 2266 1880 2320 ut
1981 2291 1984 2301 ·

228 2359 307 2426 lutee
327 2373 457 2448 propter
479 2383 548 2428 eum
571 2365 765 2440 sententium,
789 2385 871 2448 quue
892 2365 925 2428 in
946 2363 1060 2450 protuli
1081 2363 1273 2440 continetur,
1306 2362 1391 2428 dicte
1418 2383 1488 2426 enee
1517 2373 1666 2446 apparent
1692 2359 1747 2446 (cl.
1778 2359 1816 2424 ll.
1840 2357 1881 2436 V,

229 2464 325 2546 273);
348 2477 402 2530 aut
422 2467 640 2552 respondentis
662 2480 726 2544 εει,
749 2467 953 2534 antecedente
976 2467 1074 2532 verbo
1096 2467 1236 2544 dicendi,
1271 2465 1352 2552 (od.
1374 2463 1453 2530 XV.
1477 2465 1573 2548 545);
1607 2478 1661 2530 cut
1687 2463 1799 2550 repetit
1828 2485 1881 2526 eu·

229 2569 361 2656 periore,
384 2580 419 2634 ut
442 2568 506 2636 Od.
529 2570 573 2648 11,
598 2574 638 2634 74
661 2595 749 2656 sqq.:

847 2675 922 2762 ἐμοὶ
945 2677 983 2745 δέ
1004 2697 1041 2744 ιιε
1061 2674 1192 2762 κέρδιον
1213 2673 1273 2760 εἴη,

543 2771 645 2858 dulce
666 2777 843 2860 ἐσθέμεναι
864 2775 1015 2867 κειμήλια
1037 2802 1072 2847 τε
1095 2771 1259 2866 πρόβασίν
1279 2795 1332 2842 τε·

544 2878 575 2948 εἰ
596 2875 627 2963 χ’
649 2876 741 2966 ὑμεῖς
762 2905 798 2969 γε
820 2878 970 2972 φάγοιτε,
991 2879 1062 2968 τάχ’
1085 2879 1124 2954 ἄν
1144 2883 1302 2972 ποτεναὶ
1323 2879 1407 2956 τύοις
1429 2883 1481 2969 εἴη

231 2995 284 3048 eut
296 2983 430 3068 denique
442 2985 614 3050 cretionem
627 2985 670 3050 ita
680 2987 850 3064 continuet,
863 2999 975 3054 utrem
987 2990 1123 3074 ntiquom
1135 2987 1240 3064 nddot,
1252 3009 1334 3072 quce
1345 2986 1386 3050 od
1398 2987 1510 3050 seriem
1521 2999 1615 3070 atque
1624 2985 1765 3050 ordinem
1774 3005 1883 3048 eorum

231 3109 312 3171 quce
334 3099 498 3152 narrentur
516 3089 670 3174 pertinere
686 3111 744 3175 per
762 3113 831 3156 seue
850 3091 1046 3178 intelligitur,
1069 3092 1109 3158 cl.
1129 3090 1245 3170 11.1X,
1259 3094 1338 3169 141,
1362 3091 1401 3154 de
1420 3112 1484 3174 quo
1502 3090 1572 3154 loco
1587 3111 1683 3175 supro
1694 3089 1813 3154 dicurm
1825 3099 1881 3152 εει,

339 3193 363 3274 ξ.
378 3193 428 3255 17.
453 3189 561 3274 Quum
572 3204 758 3278 perventum
771 3195 1056 3282 oitndperticulum
1073 3192 1130 3268 dv:
1152 3208 1260 3282 refuto
1284 3195 1372 3280 quod
1393 3195 1456 3258 diri
1478 3195 1515 3279 (ξ.
1529 3195 1575 3278 6),
1598 3217 1662 3258 non
1684 3195 1716 3258 in
1739 3191 1884 3257 omnibus

231 3293 318 3373 locis,
342 3295 456 3379 quibus
479 3297 623 3362 condicio
645 3315 699 3365 out
720 3299 828 3364 udditn
849 3311 903 3365 eut
925 3301 1112 3388 cogitatione
1135 3299 1281 3366 addenda
1301 3299 1351 3376 cit,
1373 3321 1444 3364 com
1466 3298 1648 3374 edhibitnm,
1672 3297 1727 3362 sed
1740 3311 1804 3362 tum
1817 3295 1883 3361 sere

232 3399 379 3464 omissum
409 3421 494 3476 esse,
529 3402 555 3466 ni
589 3402 717 3466 alteram
747 3403 832 3468 illem
853 3405 1074 3470 sententiarum
1097 3402 1344 3478 cohaerentium,
1378 3423 1458 3486 qucc
1480 3400 1633 3486 porticulo
1654 3399 1707 3468 νύν
1727 3399 1885 3487 significu-
1952 3429 1961 3450 ·

232 3515 335 3578 retur,
368 3503 505 3568 indicere
538 3517 649 3590 poetae
670 3505 832 3592 plocuerit.
890 3504 956 3572 Sed
977 3505 1153 3590 quaeritur,
1182 3529 1257 3570 num
1281 3529 1357 3570 canu
1389 3505 1505 3571 lectum
1537 3507 1598 3583 eit,
1632 3521 1667 3570 ut
1688 3523 1782 3592 poeto
1803 3525 1887 3570 nuno

232 3604 334 3682 hunc,
368 3629 452 3672 nuno
484 3607 569 3672 illam
602 3609 786 3694 particulam
808 3608 995 3694 praeferret,
1024 3631 1065 3674 ειι
1087 3619 1205 3674 certum
1227 3609 1259 3674 in
1282 3631 1320 3672 cn
1340 3629 1377 3672 re
1396 3629 1538 3674 normam
1559 3609 1598 3674 rit
1621 3621 1755 3674 occutus.
1801 3607 1885 3672 Illud
2020 3683 2025 3692 ,

235 3731 299 3774 non
321 3710 422 3776 solum
444 3733 500 3798 per
522 3734 557 3776 ee
579 3713 645 3778 veri
667 3713 816 3778 dissimile
838 3725 902 3788 eet,
932 3711 988 3776 ced
1021 3712 1114 3796 edum
1147 3712 1243 3790 locin,
1270 3713 1303 3776 in
1336 3711 1451 3797 quibue
1483 3711 1543 3778 hee
1575 3712 1746 3798 perticulne
1775 3713 1887 3798 legun·

232 3823 292 3890 tur,
325 3813 390 3878 sere
423 3813 569 3880 omuibus
591 3815 779 3882 confutetur.
824 3817 967 3903 Apparet
987 3827 1102 3893 cutem,
1128 3817 1280 3882 rationem
1302 3817 1396 3902 hujue
1418 3817 1475 3892 rei,
1498 3816 1584 3900 quod
1606 3811 1647 3883 ι’ύν
1667 3819 1700 3882 iu
1723 3817 1791 3882 aliie
1814 3839 1886 3882 een·

233 3917 336 3984 tentiis
376 3917 536 3996 additum,
580 3920 612 3984 in
646 3919 715 3984 eliis
748 3920 898 3986 omissum
932 3935 994 3997 εει,
1038 3943 1102 3986 non
1134 3943 1229 4007 poene
1269 3920 1417 4006 explicari
1450 3920 1511 3984 uici
1544 3941 1583 3984 ex
1615 3921 1685 4007 ipsa
1716 3921 1887 4006 particulae

232 4011 353 4098 nutura,
376 4021 420 4086 ite
441 4035 476 4086 ut
498 4023 793 4108 tumpoticcimum,
816 4024 842 4088 ci
864 4023 907 4100 id,
929 4023 1016 4108 quod
1039 4045 1077 4088 ee
1097 4023 1300 4111 significetur,
1323 4025 1423 4110 mngie
1446 4023 1640 4090 efferendum
1663 4039 1761 4102 cenet,
1797 4045 1887 4090 usur·

232 4136 337 4211 petum
360 4147 430 4190 eam
452 4147 521 4190 cnse
543 4125 695 4192 dicemus.
741 4124 815 4209 Qun
835 4127 868 4190 in
889 4149 925 4190 re
946 4126 987 4192 cb
1010 4149 1115 4192 errore
1138 4149 1247 4192 corum
1269 4127 1442 4192 cavendum
1465 4139 1530 4205 est,
1561 4129 1633 4212 qui,
1657 4151 1754 4213 quum
1777 4129 1887 4194 condi·

233 4231 354 4296 cioncm
377 4230 437 4294 hac
458 4232 612 4316 particule
632 4230 763 4297 indicari
785 4229 1087 4306 animadvertissent,
1111 4230 1239 4296 dubium
1261 4231 1350 4298 reddi
1373 4255 1442 4297 cum
1460 4235 1656 4310 sententium,
1680 4236 1730 4300 cui
1743 4234 1886 4311 oddotur,

234 4334 405 4400 docuerint,
451 4333 549 4400 Ortus
572 4346 619 4400 cet
641 4333 693 4399 hio
714 4355 801 4400 error
822 4355 841 4398 e
862 4333 987 4398 dicendi
1008 4333 1129 4400 ratione
1150 4335 1253 4400 minus
1276 4347 1437 4412 accuratu,
1468 4359 1531 4420 qun
1560 4361 1612 4403 mc
1633 4360 1760 4422 qnoque
1785 4338 1887 4404 brevi·

234 4439 305 4502 tntis
328 4461 403 4524 ergo
426 4461 516 4504 uuum
540 4461 609 4504 cecc
631 4439 743 4504 fatcor.
776 4437 905 4504 Scilicet
926 4459 990 4502 non
1011 4437 1112 4523 ipsum
1135 4439 1362 4514 condicionem,
1385 4439 1442 4504 ced
1464 4453 1611 4506 eventum
1633 4443 1767 4525 cjnerci,
1792 4463 1886 4526 quem

234 4541 275 4606 nd
297 4543 512 4608 condicionem
534 4543 671 4627 aliquem
693 4541 804 4618 refert,
834 4541 987 4628 porticulo
1012 4539 1147 4618 indicat,
1180 4541 1258 4606 illud
1281 4543 1364 4606 enim
1386 4543 1413 4606 ei
1435 4565 1548 4631 urgere
1569 4545 1635 4622 vie,
1670 4545 1797 4612 dubium
1819 4545 1895 4610 fieri-

234 4646 370 4731 uliquum
399 4669 465 4711 rem
492 4647 692 4726 condicione,
726 4671 789 4714 non
817 4659 921 4735 potent
942 4648 1003 4714 hoc
1025 4647 1086 4712 eliu
1107 4647 1244 4724 ratione,
1277 4669 1372 4730 quem
1395 4657 1486 4712 aucta
1509 4648 1541 4711 vi
1564 4650 1791 4733 conjunctionis
1813 4671 1890 4712 con·

234 4749 396 4816 dicionelic
425 4751 602 4838 significari.
647 4749 848 4839 Quapropter
869 4751 1022 4838 purn'oule
1042 4747 1098 4828 dr,
1128 4773 1226 4834 quum
1249 4750 1286 4814 iin
1308 4751 1469 4814 cententiin
1489 4751 1643 4829 nomm,
1675 4773 1773 4837 quoe,
1803 4751 1889 4836 quod

233 4875 251 4920 e
274 4852 458 4920 condicione
479 4856 627 4942 pendent,
650 4856 786 4924 incertue
809 4867 882 4922 eunt
905 4891 937 4904 -
961 4855 1004 4932 id,
1027 4853 1114 4938 quod
1136 4853 1230 4920 modo
1253 4853 1392 4939 optativo
1415 4853 1608 4940 m'gnilicctur
1627 4893 1666 4904 -
1687 4855 1763 4920 nihil
1785 4865 1889 4940 potent

1632 4959 1682 5020 41
