4508 5666
233 831 369 916 natiuae
389 831 564 898 sementim
583 829 721 899 additam
743 831 887 919 legimus,
910 831 1078 904 ὤοοιιιίιιιιι
1100 844 1158 910 eet,
1180 833 1213 896 in
1236 831 1350 916 quihus
1371 853 1437 896 nou
1457 829 1549 898 allam
1571 834 1640 917 ejus
1662 833 1839 918 nimquam
1856 834 1888 900 in

234 934 296 1000 illia
317 955 479 1020 agnosces.
523 934 562 998 In
584 934 742 1060 plerisque
764 935 920 1022 oppositio
942 936 1112 1012 indicatum
1136 935 1174 999 cf.
1196 934 1235 1002 II.
1257 934 1321 1000 IX.
1343 936 1425 998 417:
1656 955 1660 964 ·

546 1061 599 1106 ναι
591 1030 690 1108 ‹t'tv
710 1042 780 1112 reis
802 1032 985 1108 ἄλλοισιν
968 1063 1033 1127 aym
1023 1035 1373 1156 παραμυθησαίμην,

544 1137 652 1208 ctaud'
672 1133 878 1208 dnonialctr.

388 1245 461 1311 Nou
484 1247 615 1312 solum
607 1269 675 1333 ipse
695 1247 729 1312 iu
750 1245 920 1312 Graeciam
942 1257 1092 1324 revertar,
1114 1245 1171 1310 sed
1193 1246 1285 1310 edam
1308 1243 1386 1324 aliis,
1409 1257 1443 1310 ut
1465 1246 1497 1311 id
1519 1247 1643 1326 saciant,
1670 1249 1887 1334 persuaserim,

234 1351 452 1418 evitas.
477 1349 632 1418 xttce.
655 1349 751 1416 XIV.
775 1352 849 1415 945.
872 1347 947 1417 Od.
960 1349 1003 1414 II.
1027 1349 1078 1414 69.

392 1453 469 1521 Siue
490 1454 687 1540 oppositione
709 1453 788 1519 haec
809 1454 894 1518 dicta
915 1463 988 1518 stant
1009 1453 1042 1517 in
1064 1451 1101 1516 II
1124 1450 1257 1517 XXIV.
1281 1451 1343 1516 653
1368 1475 1433 1537 sq.:

541 1561 607 1626 cciv
628 1559 661 1626 el
679 1557 730 1632 tia
752 1581 789 1625 ce
811 1559 918 1627 ἴδοιτο
941 1553 1029 1647 daps
1049 1553 1107 1624 dui
1128 1549 1230 1624 νύκτα
1250 1556 1413 1642 μέλαιναν,

545 1654 644 1730 αὐτίκ’
667 1654 706 1729 ἂν
727 1659 853 1744 ἐξείποι
874 1657 1080 1748 Ἀγαμέμνονι
1101 1660 1230 1742 ποιμένι
1251 1661 1345 1742 λαῶν,

234 1765 379 1830 videmus
402 1775 505 1829 autem
528 1767 592 1830 vim
615 1764 757 1830 adverbii
780 1759 910 1846 αὐτίκα,
934 1764 1020 1849 quod
1042 1764 1176 1829 celerem
1197 1765 1243 1828 rei
1265 1775 1412 1830 eventum
1432 1765 1566 1842 iudicat,
1595 1766 1748 1852 particula
1769 1767 1887 1854 sugeri.

234 1868 404 1936 Praeterea
423 1869 457 1932 iu
478 1869 516 1934 iis
538 1869 698 1934 sententiis
720 1869 890 1954 reperitur,
916 1869 952 1932 iu
976 1867 1090 1952 quibus
1120 1867 1250 1954 optativi
1280 1867 1467 1953 significatio
1489 1891 1551 1934 non
1574 1871 1706 1935 multum
1729 1894 1748 1934 a
1769 1871 1889 1958 siguifi-

234 1973 358 2038 catione
385 1971 546 2038 indicativi
573 1973 723 2058 temporis
752 1971 892 2038 historici
921 1971 1043 2049 differt3
1076 1973 1194 2036 scilicet
1224 1974 1393 2061 opponitur
1427 1973 1476 2053 id,
1510 1974 1596 2057 quod
1626 1995 1695 2038 esse
1722 1975 1886 2061 cogitatur,

234 2076 390 2164 praesenti
412 2075 457 2140 rei
480 2075 666 2140 condicioni.
713 2073 779 2142 Sed
801 2075 862 2140 hac
883 2075 917 2140 iu
936 2097 972 2138 re
994 2074 1164 2140 tenendum
1186 2090 1244 2151 est,
1267 2097 1363 2160 quum
1386 2075 1555 2141 indicativo
1576 2078 1725 2164 temporis
1749 2063 1887 2144 historici

234 2179 267 2242 in
290 2178 461 2242 enuntiatis
484 2176 752 2243 condicionalibus
774 2177 937 2262 utriusque
958 2177 1129 2263 particulae
1148 2189 1336 2264 ,potestatem
1360 2179 1526 2244 convenire
1549 2195 1713 2266 appareat,
1738 2183 1886 2246 acristum

234 2303 272 2346 ac
294 2282 635 2368 plusquamperfectum
654 2280 792 2364 ferenes,
814 2281 1032 2367 imperfectum
1044 2293 1157 2358 autem,
1183 2283 1273 2366 cujus
1284 2281 1383 2347 rarior
1393 2304 1469 2346 usus
1481 2293 1538 2358 est,
1561 2278 1749 2348 dsadditum
1762 2284 1887 2352 habere.

233 2383 309 2448 Hoc
330 2383 403 2448 iude
426 2384 647 2470 explicandum
669 2405 739 2450 esse
760 2383 894 2462 videtur,
919 2385 1006 2469 quod
1024 2383 1055 2448 in
1070 2385 1224 2468 ejusmodi
1236 2384 1397 2450 sententiis
1408 2399 1539 2452 eventus
1549 2409 1653 2452 rerum
1665 2389 1887 2474 praesentium,

234 2488 383 2572 quoniam
405 2487 500 2552 etiam
521 2509 605 2552 nunc
627 2497 735 2554 nostra
755 2489 901 2566 interest,
923 2502 1028 2554 unnim
1051 2488 1197 2552 eveniant
1217 2509 1334 2564 necne,
1357 2489 1475 2572 majore
1496 2489 1529 2552 vl
1551 2489 1655 2554 efferri
1677 2491 1765 2568 solet,
1793 2515 1888 2576 quam

233 2613 352 2668 mum,
375 2611 458 2674 quae
478 2591 646 2676 praeterito
668 2601 809 2677 tempore
830 2591 899 2659 lieri
920 2592 1060 2678 potuisse
1083 2591 1267 2678 cogitantur.
1306 2589 1513 2676 intelligimus
1534 2591 1639 2676 igitur,
1664 2613 1720 2656 cur
1741 2594 1782 2658 ad
1800 2606 1889 2681 opta·

234 2699 350 2773 tivum,
373 2696 429 2762 ubi
451 2697 562 2762 eadem
584 2699 652 2782 ejus
673 2698 752 2762 ratio
775 2709 832 2774 est,
855 2717 936 2780 quae
958 2695 1142 2781 imperfecti,
1165 2687 1203 2762 dr
1225 2705 1409 2780 apponatur.
1447 2693 1497 2758 cf.
1510 2693 1546 2760 11.
1565 2693 1660 2760 XVI.
1682 2700 1752 2762 747.
1771 2697 1888 2766 XXII.

234 2804 284 2866 90.
304 2799 439 2865 XXIII.
462 2802 535 2865 975.
560 2799 614 2866 Od
645 2799 690 2864 11.
714 2801 764 2868 69.
812 2799 885 2865 Hoc
912 2809 1016 2864 autem
1037 2819 1094 2884 per
1116 2819 1151 2862 se
1177 2797 1376 2885 intelligitur,
1405 2798 1524 2862 nullam
1553 2799 1649 2864 fiisse
1671 2800 1888 2868 necessitatem

233 2899 272 2972 cil
293 2903 440 2991 ponendi.
486 2903 597 2988 Itaque
619 2913 722 2990 poeta,
745 2902 847 2968 elcubi
867 2903 897 2968 ei
918 2902 1045 2988 placuit,
1075 2923 1145 2966 eam
1168 2899 1416 2979 cohaerentiam,
1439 2923 1520 2985 quae
1541 2901 1595 2968 κέν
1616 2902 1783 2989 efflagitat,
1806 2905 1887 2988 indi·
2006 2973 2011 2984 ,

234 3031 316 3085 care,
347 3007 407 3074 hac
428 3007 582 3092 partictrla
603 3029 679 3072 usus
700 3015 755 3072 est.
801 3005 851 3072 Os.
873 3005 913 3072 Il.
933 3005 1014 3070 XII.
1037 3005 1110 3072 394.
1133 3003 1265 3070 XXIV.
1288 3006 1369 3070 99οι

544 3108 576 3177 εἰ
598 3110 658 3195 μὲν
678 3103 742 3198 γάρ
764 3111 815 3184 τίς
837 3106 870 3193 μ’
892 3105 993 3186 ἄλλος
1015 3107 1212 3190 ἐπιχθονίων
1233 3107 1383 3192 ἐκέλευεν,

543 3209 566 3302 ἢ
587 3213 621 3282 οἱ
643 3205 775 3298 μάντιές
796 3210 870 3293 slot,
891 3204 1052 3282 θυοσκόοι
1071 3209 1094 3301 ἢ
1116 3213 1236 3301 ἱερῆες,

548 3319 672 3406 ψεῦδος
695 3340 748 3384 ιιεν
769 3322 895 3404 φαῖμεν
914 3344 944 3383 α.
967 3339 994 3382 ι.
1018 3319 1046 3385 λ.

387 3423 475 3490 Dicit
495 3423 651 3500 Priamus,
675 3445 725 3500 se,
748 3423 774 3486 si
796 3445 816 3486 a
837 3433 908 3486 sate
931 3421 1037 3504 aliquo
1060 3419 1109 3484 vel
1131 3419 1314 3505 lranrspice‚
1337 3421 1452 3506 quibus
1473 3445 1537 3488 non
1559 3425 1688 3503 eadem,
1711 3447 1793 3510 quae
1815 3427 1887 3507 diis,

231 3527 310 3592 ides
333 3527 480 3592 habende
501 3527 551 3604 sit,
573 3525 672 3592 lilium
695 3526 735 3591 ab
748 3525 875 3590 Achille
895 3525 1050 3591 redimere
1067 3526 1176 3608 husus
1199 3535 1291 3601 esset,
1315 3524 1489 3590 diffisumm
1512 3527 1644 3594 fortasse
1665 3530 1771 3596 luisse.
1808 3531 1888 3596 Par-

231 3631 346 3696 ticulae
367 3629 420 3698 κέν
448 3653 487 3696 ea
513 3641 560 3695 est
588 3641 745 3716 potestus,
779 3652 860 3714 quae
883 3628 1085 3694 antecedente
1107 3628 1226 3713 protasi
1248 3649 1318 3692 esse
1340 3629 1433 3704 solet;
1469 3623 1634 3696 cleantem
1660 3633 1769 3697 fortius
1792 3657 1888 3718 quam

231 3745 315 3800 esset
337 3746 462 3819 aptum,
493 3745 640 3800 eventum
661 3736 707 3800 rei
729 3750 871 3821 urgeret,
901 3733 945 3798 ita
974 3743 1009 3797 ut
1030 3732 1124 3796 fidem
1146 3731 1207 3796 illis
1229 3732 1409 3798 hominibus
1430 3755 1560 3818 prorsus
1582 3735 1794 3822 derogandam
1817 3759 1888 3803 esse

231 3837 349 3903 Priami
377 3839 530 3902 sententia
558 3859 628 3904 esse
656 3837 823 3904 rideretur.
874 3837 1067 3920 Plerumque
1093 3859 1190 3900 uuum
1221 3857 1329 3901 eorum
1359 3837 1601 3914 vocabulorum,
1635 3861 1716 3923 quae
1746 3842 1887 3906 comitari

231 3940 304 4005 huic
327 3940 496 4024 particulae
518 3941 618 4006 solere
641 3941 841 4027 supradixi,
870 3940 1010 4004 additum
1033 3953 1097 4016 est,
1129 3951 1163 4004 ut
1184 3939 1258 4022 ναί,
1290 3935 1389 4020 ἔνθα,
1418 3945 1473 4028 τῷ,
1496 3934 1601 4028 αἶψα,
1625 3943 1663 4010 cl.
1687 3943 1724 4009 ll.
1748 3943 1788 4008 V.
1812 3945 1886 4012 311.

231 4042 330 4110 XIII.
353 4043 426 4106 485.
452 4041 515 4108 Od.
538 4043 583 4108 11.
608 4047 655 4110 74.
680 4045 741 4110 IX.
765 4045 829 4110 456
851 4042 914 4110 XI.
938 4045 999 4108 509
1022 4043 1136 4112 XVII.
1158 4045 1232 4120 315,
1255 4043 1319 4107 408
1341 4042 1422 4109 ΧΧ.
1446 4045 1519 4110 315.

384 4147 409 4228 ξ.
435 4147 484 4210 18.
530 4144 638 4229 Quum
661 4149 730 4212 talis
754 4149 794 4213 sit
816 4157 954 4234 potestas
976 4147 1146 4232 particulae
1168 4147 1237 4227 κέν,
1259 4159 1292 4212 ut
1315 4147 1461 4212 omnibus
1483 4148 1560 4212 locis
1582 4160 1655 4234 apta
1676 4151 1735 4226 sit:
1768 4149 1882 4234 quibus

232 4251 386 4316 sententia
408 4273 448 4314 ex
471 4251 727 4318 antecedentibus
749 4267 818 4318 orta
839 4251 1025 4328 declaratur,
1047 4249 1224 4316 mirandum
1247 4273 1310 4315 non
1333 4259 1390 4326 est,
1414 4251 1505 4314 etiam
1529 4249 1560 4314 in
1583 4252 1736 4337 negativis
1759 4265 1884 4318 senten·

200 4406 204 4416 .
231 4356 282 4422 tiis
303 4377 367 4420 non
388 4377 460 4420 raro
481 4377 550 4420 eam
574 4357 727 4442 usurpari,
750 4357 791 4420 cf.
814 4355 879 4422 Od.
904 4355 962 4420 IV.
985 4355 1058 4420 993.
1082 4355 1155 4418 649.
1178 4353 1224 4418 Χ.
1247 4355 1310 4420 383
1333 4354 1395 4419 XI.
1422 4359 1492 4420 144.
1515 4355 1596 4420 XII.
1622 4359 1693 4432 107,
1717 4357 1778 4420 987
1804 4357 1882 4424 XV.
1906 4425 1910 4434 ,
1946 4415 1949 4422 .

233 4463 293 4526 195
316 4457 415 4528 XIX.
440 4463 511 4526 590.
556 4461 594 4526 11.
617 4459 681 4524 ΙΧ.
706 4461 779 4524 195.
802 4461 875 4524 967.
897 4458 944 4524 X.
968 4461 1040 4526 303.
1064 4459 1145 4538 XII.
1169 4462 1219 4524 58.
1242 4463 1317 4523 447.
1339 4459 1439 4524 XIII.
1461 4461 1534 4526 391.
1558 4459 1670 4524 XVII.
1696 4463 1774 4539 149,
1809 4463 1882 4538 960,

231 4567 303 4632 tae.
327 4565 428 4638 XIX.
452 4568 501 4632 81.
526 4566 568 4629 90
599 4567 661 4630 997
685 4563 817 4628 XXIV.
840 4563 913 4631 565.
941 4561 1099 4628 Solemnis
1121 4577 1225 4628 autem
1248 4565 1317 4648 ejus
1338 4585 1414 4627 usus
1435 4573 1483 4628 est
1504 4563 1536 4626 in
1554 4563 1592 4626 iis
1608 4563 1778 4640 sententiis,
1802 4585 1883 4647 quae

231 4669 483 4754 conjunctionem
505 4667 591 4746 otas,
615 4669 705 4752 cujus
726 4668 865 4734 efficium
887 4677 936 4732 eet
957 4667 1085 4731 alteram
1102 4667 1286 4732 senteutiam
1298 4667 1387 4732 alteri
1397 4667 1574 4742 adnectere,
1597 4665 1883 4752 ioh-cutegerunt3

231 4775 269 4839 cf.
295 4771 359 4838 Od.
382 4773 424 4838 II.
449 4776 520 4840 185.
543 4772 601 4837 IV.
625 4773 675 4836 96.
699 4770 770 4834 XII
805 4774 854 4836 77.
878 4771 928 4836 83.
952 4772 1002 4836 87.
1026 4769 1120 4839 XVI.
1144 4772 1206 4835 943
1229 4769 1311 4836 XX.
1334 4772 1407 4836 911.
1429 4767 1565 4833 XXIII.
1591 4771 1651 4833 195
1665 4768 1881 4846 ΧΧΝ.108.

229 4875 267 4942 Il.
290 4875 353 4939 IX.
379 4877 450 4952 196,
472 4879 547 4955 386,
570 4877 633 4941 416
657 4874 718 4940 ΙΙΙ.
741 4877 814 4940 399.
835 4874 892 4940 IV.
904 4877 966 4938 497
987 4873 1067 4940 XII.
1079 4875 1142 4939 381
1156 4873 1254 4938 XIII.
1267 4875 1340 4938 987.
1353 4873 1447 4939 XIV.
1461 4875 1502 4938 53
1514 4873 1624 4940 XVII.
1638 4875 1701 4938 366
1712 4873 1795 4938 ΧΧ.
1807 4875 1881 4940 358.
