4508 5666
920 619 1145 691 ..9-

846 699 855 742 l

205 844 239 888 re
261 823 412 910 originem
435 821 543 898 ducat,
572 821 617 886 ita
638 819 731 884 etiam
753 819 889 907 cogitata
909 831 1032 898 noema,
1056 831 1187 906 excepta
1208 842 1247 886 ea
1268 818 1462 906 cognitione,
1495 841 1576 903 quae
1598 841 1637 885 ex
1658 819 1734 906 ipsis
1756 820 1851 886 rebus

204 925 317 990 hausta
338 937 399 1000 est,
423 947 463 989 ex
485 923 552 988 aliis
575 922 718 1010 cogitatis
736 921 886 988 oriuntur.
931 922 976 986 Et
996 923 1089 1008 hujus
1112 923 1238 1009 quidem
1260 923 1383 1010 generis
1406 943 1443 986 ea
1465 931 1545 1000 sunt,
1569 921 1744 1006 dequibus
1766 943 1850 988 nunc

204 1027 332 1114 loquor,
366 1049 447 1112 quae
475 1028 542 1093 solo
572 1025 730 1113 cogitandi
758 1024 885 1092 arbitrio
917 1025 1087 1113 lingrmtur.
1141 1026 1254 1112 Itaque
1282 1025 1434 1112 pmtieula
1462 1025 1515 1090 illa
1542 1025 1598 1110 qui
1626 1026 1738 1104 utitur,
1772 1025 1850 1090 nihil

205 1132 332 1210 indicat,
355 1131 415 1196 uisi
436 1129 657 1216 cogitationem
678 1129 812 1214 aliquam
837 1131 974 1196 animum
996 1141 1124 1216 propter
1134 1129 1237 1206 aliam
1259 1129 1366 1214 inqua
1378 1139 1518 1194 versatus
1530 1129 1579 1206 sit,
1591 1128 1722 1194 subisse.
1751 1128 1852 1200 Vides

206 1240 288 1304 hanc
312 1237 463 1302 rationem
485 1244 517 1298 et
538 1235 619 1298 inter
640 1256 777 1311 eaesae,
800 1255 880 1318 quae
902 1245 965 1300 tam
988 1243 1074 1298 arcte
1096 1233 1291 1308 cohaereant,
1313 1231 1533 1296 utnecessario
1547 1231 1678 1296 alterum
1696 1253 1737 1296 ex
1753 1231 1851 1296 altero

209 1341 332 1408 eveniat
353 1351 385 1406 et
405 1340 485 1404 inter
507 1359 553 1414 ea,
577 1359 658 1422 quae
680 1336 840 1401 liberrima
858 1337 1047 1422 cogitatione
1069 1337 1308 1423 conjungantur.
1352 1333 1464 1418 Itaque

360 1443 420 1510 1.
411 1465 444 1506 m
466 1441 597 1527 apodosi
624 1439 778 1504 enunciati
807 1438 1016 1525 hypothetici,
1051 1440 1077 1505 si
1103 1439 1262 1528 praecedit
1283 1438 1434 1525 protasis,
1461 1439 1565 1504 locum
1594 1437 1708 1504 habere
1737 1402 1850 1524 potest

206 1547 302 1631 Quod
323 1569 363 1610 ne
384 1545 432 1621 iis,
455 1567 536 1629 quae
558 1544 598 1608 de
620 1541 846 1629 significatione
870 1538 1084 1628 particulae‘
1062 1571 1101 1612 αν
1123 1543 1197 1622 dixi,
1220 1563 1396 1630 repugnare
1418 1541 1575 1618 videmur,
1597 1547 1729 1618 moneo,
1753 1559 1852 1604 enun-

207 1654 286 1720 ciata
307 1650 508 1737 hypothetica
536 1671 556 1712 a
584 1646 759 1712 causalibus
787 1646 831 1710 ita
859 1657 979 1710 tantum
1009 1647 1138 1724 diserte,
1175 1661 1210 1710 ut
1231 1646 1262 1710 in
1286 1645 1335 1712 his
1357 1647 1397 1744 de
1418 1666 1452 1710 re
1474 1654 1574 1720 certa,
1605 1644 1638 1708 in
1660 1643 1721 1709 illis
1743 1643 1812 1708 de
1803 1667 1851 1708 m·
1868 1719 1872 1736 Ι

207 1765 291 1821 certa
312 1763 436 1840 agatur,
466 1773 582 1816 nexum
608 1761 712 1814 autem
739 1749 893 1814 causalem
923 1749 1015 1813 etiam
1045 1749 1228 1814 condicione
1257 1769 1381 1835 semper
1408 1747 1547 1848 iudicari.
1592 1746 1754 1832 Itaque
1730 1769 1756 1812 ιι
1788 1767 1852 1811 non

206 1858 282 1924 illud
306 1856 472 1921 dicendum
495 1839 559 1932 ea't,
593 1875 774 1939 suspensam
799 1874 866 1918 esse
888 1852 1024 1936 aliquam
1047 1875 1111 1918 rem
1135 1875 1175 1918 ex
1196 1853 1273 1931 alia,
1303 1853 1359 1918 sed
1381 1852 1517 1938 priorem
1538 1851 1709 1916 ιιιιιιοιιιὶιισ
1730 1861 1852 1937 partem
1935 1860 1939 1872 '

206 1960 385 2051 posterioris
415 1981 541 2024 causam
570 1978 655 2034 esse,
690 1978 753 2020 non
781 1948 836 2032 da,
864 1955 920 2020 sed
949 1953 1001 2022 κέν
1029 1954 1209 2041 ponendum
1239 1967 1295 2020 est.
1339 1953 1411 2020 Non
1432 1976 1524 2040 nego
1537 1965 1656 2032 autem,
1686 1953 1764 2020 haec
1787 1953 1850 2018 duo

207 2079 270 2134 tam
293 2063 404 2129 similia
425 2083 493 2126 esse
516 2060 596 2125 inter
618 2081 661 2136 se,
683 2073 718 2122 ut
738 2058 899 2144 permultis
921 2057 999 2122 locis
1021 2069 1090 2122 utra
1111 2058 1264 2144 particula
1283 2059 1416 2146 legatur,
1439 2058 1517 2122 nihil
1539 2057 1673 2122 differat.
1742 2139 1746 2148 A

362 2165 425 2233 Od.
448 2165 474 2230 I.
497 2165 559 2229 265

561 2271 649 2339 τοῖος
671 2259 730 2331 ἐών
751 2266 949 2352 μνηστῆρσιν
973 2255 1155 2350 ὁμιλήσειεν
1172 2256 1354 2338 Ὀδυσσεύς,

568 2361 686 2441 πάντες
708 2362 735 2432 κ’
757 2359 953 2452 ὠκύμοροιοι
973 2388 1009 2433 τε
1031 2365 1176 2452 γινοίατο
1199 2357 1400 2452 πικρόγαμοί
1421 2387 1465 2432 τι.

268 2493 274 2500 ·
359 2475 457 2562 Optat
485 2471 647 2548 Minerva,
685 2481 718 2534 ut
741 2469 851 2534 Ulixes
884 2491 955 2533 cum
989 2469 1092 2554 procis
1126 2467 1361 2554 congrediatur,
1396 2480 1633 2532 consecuturum
1667 2469 1749 2533 enim
1785 2489 1854 2534 esec

207 2582 301 2659 videt,
324 2591 357 2644 ut
379 2578 411 2642 hi
434 2576 673 2652 interficiantur3
697 2567 735 2639 ἄν
757 2573 783 2635 si
805 2572 942 2657 positum
965 2586 1056 2649 esset,
1080 2571 1295 2636 condicionem
1313 2570 1474 2646 indicaret,
1498 2594 1559 2654 qua
1578 2573 1855 2657 impletal'uturum

207 2687 256 2763 sit,
278 2696 312 2749 ιιι
334 2704 436 2769 poena
457 2704 476 2744 a
499 2677 618 2766 procris
641 2687 773 2762 petatur.

366 2785 427 2849 III.
451 2784 513 2848 223

566 2886 598 2951 ελ
619 2877 649 2951 σ’
669 2878 772 2961 οὕτως
793 2880 906 2949 ἐθέλοι
927 2883 1058 2972 φιλέειν,
1080 2874 1212 2970 κήδοιτό
1233 2902 1269 2947 τε
1290 2881 1390 2965 θυμῷ

564 2991 611 3074 τῷ
632 2989 684 3056 κέν
706 3008 756 3062 τις
778 2985 890 3056 κελνιον
911 2989 1023 3075 γεκαὶ
1045 2978 1256 3055 ἐκλελάθοιτο
1277 2978 1395 3072 γάμοιο

361 3094 475 3158 Nestor
506 3115 533 3156 a.
556 3115 586 3155 v.
610 3093 672 3156 216
706 3092 779 3155 inde
801 3091 1024 3156 Telemachum
1046 3090 1130 3156 bono
1153 3111 1222 3154 esse
1244 3087 1348 3152 auimo
1369 3109 1406 3150 ac
1428 3108 1553 3172 sperare
1569 3086 1678 3171 jubet,
1712 3086 1796 3162 lore,
1821 3099 1855 3149 ut

210 3211 297 3285 pater
318 3198 434 3274 redeat,
458 3217 521 3281 quo
543 3195 625 3260 facto
648 3194 784 3260 dubitari
805 3217 869 3260 non
892 3183 1002 3280 pesse,
1026 3193 1102 3277 quin
1123 3192 1265 3257 homines
1286 3191 1331 3254 illi
1351 3191 1529 3277 nuptiamm
1551 3189 1677 3256 oblitun‘
1700 3192 1769 3256 sint.

362 3303 386 3384 λ.
412 3301 461 3364 11.
477 3297 498 3361 ’.
517 3297 581 3362 Ηὶο
610 3299 693 3363 dicat
722 3299 891 3383 quispiam,
932 3298 1012 3361 inter
1041 3294 1182 3360 membra
1214 3293 1370 3358 enunciati
1402 3293 1593 3380 hypothetici
1626 3294 1757 3359 eandem
1787 3313 1855 3356 esse

210 3415 353 3490 oportere
374 3401 542 3478 rationem,
573 3402 639 3465 sive
661 3391 824 3468 antecedat
844 3403 894 3480 id,
922 3403 1008 3487 quod
1031 3402 1240 3466 conditionem
1262 3400 1294 3463 in
1317 3421 1350 3464 se
1373 3400 1526 3478 continet,
1550 3401 1616 3464 sive
1638 3399 1856 3483 subsequatur.

210 3505 329 3573 Verum
352 3515 409 3582 est,
432 3503 489 3568 sed
510 3502 586 3588 quid
608 3503 692 3568 aliud
714 3525 752 3569 eo
765 3505 926 3591 probatur,
950 3527 1043 3589 quam
1057 3504 1143 3589 quod
1155 3504 1252 3570 verba
1262 3503 1331 3589 ipsa
1342 3502 1509 3580 declarant
1533 3500 1649 3586 ubiqu'e
1668 3501 1765 3566 altero
1780 3522 1856 3565 con·

211 3609 365 3674 dicionem
388 3607 535 3684 indicari,
557 3595 669 3692 &qna
689 3607 824 3692 pendeat
846 3607 1001 3672 alterum?
1027 3605 1079 3674 De
1100 3607 1253 3694 particula
1273 3607 1341 3690 κέν,
1364 3607 1480 3694 quippe
1502 3607 1602 3674 aliena
1624 3631 1643 3671 a
1664 3607 1856 3672 condicionis

210 3711 564 3799 significationefflrihrl
487 3709 665 3776 mhilinde
692 3709 797 3796 colligi
825 3719 938 3797 potest
984 3708 1075 3792 Quae
1102 3733 1157 3777 cur
1178 3733 1240 3776 non
1263 3711 1362 3797 possit
1384 3711 1424 3774 ad
1446 3711 1621 3776 membrum
1643 3709 1856 3777 madicionale

210 3817 329 3895 referri,
352 3817 411 3882 nisi
433 3817 493 3882 hoc
514 3813 691 3903 praecedat,
714 3835 754 3876 ex
776 3825 887 3888 natura
908 3813 986 3898 ejus,
1010 3835 1104 3898 qnam
1126 3837 1220 3900 supra
1243 3802 1406 3900 explicavi,
1429 3813 1628 3899 perspicuum
1651 3835 1720 3878 esse
1733 3835 1856 3879 censeo.

209 3920 302 3986 Nunc
329 3919 404 3984 mihi
434 3918 633 4007 probandum
660 3929 723 3993 est,
756 3916 783 3980 si
810 3916 1018 4001 subsequatur
1048 3917 1126 3982 illud
1154 3917 1347 3994 membrum,
1378 3937 1458 3980 eav
1394 3916 1544 4084 ³?de
1535 3916 1682 4000 ‚quibus
1704 3915 1857 4002 particula

211 4023 317 4090 addita
345 4034 407 4100 est,
438 4045 509 4088 cum
539 4022 728 4100 sententia,-
721 4039 818 4102 quae
850 4020 1028 4098 antecedat,
1070 4021 1228 4108 aptissime
1257 4020 1418 4106 conjungi
1467 4019 1569 4098 dehis,
1604 4043 1666 4084 non
1694 4018 1833 4084 solum
1824 4039 1859 4084 ιιι

210 4124 354 4191 omnibus
384 4123 529 4190 locis-
558 4134 631 4189 sunt
657 4135 762 4190 antem
783 4127 994 4212 perpauei-
1016 4127 1124 4192 illud'
1115 4150 1218 4214 ipsum
1241 4124 1445 4200 vocabulum,
1480 4145 1615 4208 quocum
1641 4124 1719 4188 haec
1746 4123 1859 4187 vacrila

211 4241 340 4296 accentu
362 4227 475 4293 tradito
443 4229 662 4308 tcoalescat,
684 4229 860 4296 necessario
882 4228 923 4293 ad
945 4229 1180 4294 antecedentem
1202 4229 1386 4296 sententiam
1409 4227 1516 4292 reterri
1538 4229 1594 4292 sed
1611 4228 1692 4295 hac'
1685 4227 1857 4314 ipsaetiam

211 4333 394 4418 plerumque
427 4331 659 4408 condicionem,
691 4355 772 4417 quae
801 4332 932 4409 deinde,
965 4355 1006 4398 ne
1027 4332 1208 4417 imperfecta
1241 4333 1383 4397 videatur
1415 4332 1529 4408 oratio,
1563 4331 1704 4407 additur,
1737 4331 1781 4395 ita
1809 4331 1857 4394 in-

212 4437 325 4514 dicari,
359 4449 410 4513 ut,
434 4455 514 4518 quae
537 4434 593 4512 sit,
630 4435 812 4522 prinsquam
834 4435 1027 4512 enuntietur,
1049 4445 1160 4521 sponte
1182 4445 1339 4522 appareat.

368 4537 431 4605 Od.
454 4536 517 4602 xl.
541 4537 604 4601 373
627 4561 697 4623 sqq.

416 4647 424 4666 “
521 4633 580 4725 νύξ
602 4635 633 4709 0²
654 4638 716 4733 ἥδε
736 4635 827 4730 μάλα
847 4635 966 4728 μακρή,
987 4633 1196 4729 ἀθέσφατος·
1220 4633 1349 4708 οὐδέπω
1372 4636 1440 4732 ὥρη

516 4743 622 4816 εὕδειν
642 4742 677 4814 ἐν
696 4743 843 4834 μεγάρῳ·
864 4739 908 4812 οὐ
930 4740 967 4809 dd
988 4767 1048 4827 μοι
1068 4741 1139 4828 λέγι
1160 4741 1305 4814 dienato
1326 4741 1418 4835 ἔργα·
