4508 5666
1115 493 1446 611 -ιι--,Δ

933 831 974 901 οὐ
996 832 1033 900 dl
1054 857 1108 902 κεν
1128 827 1236 922 ια’φου
1258 827 1499 920 ὁνιιβολὴοαιο·

574 941 724 1024 sequitur.
738 939 801 1004 hoe
829 959 869 1002 ex
892 959 930 1002 eo
952 936 1039 1020 quod
1060 937 1197 1014 dixerat,
1230 937 1362 1002 sormsse
1383 935 1521 1000 futurum
1543 955 1630 1012 esse,
1663 947 1698 1001 ut
1720 935 1848 1004 Orestes
1870 935 2060 1022 Aegisthum

420 1051 486 1134 jam
508 1043 719 1110 interfecisset.

574 1147 616 1213 ib.
639 1145 719 1210 595:

726 1246 782 1313 καὶ
804 1240 866 1333 γάρ
887 1241 912 1310 κ’
936 1244 986 1322 εἰς
1008 1243 1150 1316 ἐνιαυτὸν
1171 1240 1235 1334 ἐμοὶ
1257 1239 1351 1332 παρά
1373 1269 1425 1314 cot
1447 1242 1619 1332 ἀνεχοίμην

730 1372 860 1437 creor·

573 1455 795 1531 Telemachus,
824 1476 921 1538 quum
942 1465 1032 1540 roget
1053 1453 1250 1531 Menelaum,
1283 1474 1322 1518 ne
1344 1475 1378 1518 se
1400 1467 1554 1531 moretur,
1584 1453 1733 1535 libenter,
1757 1455 1851 1520 modo
1872 1455 2071 1548 liceret,'se⁸

425 1583 599 1627 mansurum
621 1581 689 1623 esse
712 1558 855 1622 affirmat.

528 1661 630 1727 Ν.
651 1662 728 1726 753:

724 1791 745 1852 η
765 1788 826 1852 γαρ
847 1764 901 1830 ιιὲν
921 1791 977 1849 μιν
998 1762 1112 1833 ἔπειτα
1132 1762 1227 1832 ml
1210 1789 1245 1832 ειι
1267 1756 1426 1831 θανάτοιο
1447 1755 1590 1830 σαώσαι·

422 1867 591 1954 Euryclea,
625 1891 721 1952 quum
743 1879 835 1932 antea
856 1868 1001 1932 dixisset:
1036 1862 1110 1952 εὕχε
1106 1863 1311 1955 'Mamm
1334 1866 1382 1930 his
1405 1865 1518 1947 verbis,
1546 1866 1621 1950 quid
1644 1865 1793 1952 precibus
1815 1867 1940 1952 assequi
1961 1869 2060 2026 possit

423 1972 586 2058 Penelope,
608 1971 703 2035 addit.

571 2071 611 2137 V.
636 2073 675 2135 73
698 2073 784 2156 quod
806 2072 899 2138 dicit:

931 2173 1017 2246 ε”υθα
1037 2171 1067 2244 κ’
1088 2175 1203 2245 ἔπειτα
1226 2177 1276 2245 καὶ
1301 2169 1468 2251 ἀθάνατός
1490 2200 1553 2263 περ
1576 2172 1726 2242 ἐπελθών
1749 2259 1752 2264 Ι

723 2273 886 2367 θηήσαιτο
909 2277 989 2347 ἰδών
1011 2281 1066 2346 καὶ
1089 2281 1250 2370 τερφθείη
1273 2281 1391 2370 φρεσὶν
1412 2273 1484 2368 ἦσιν

421 2385 569 2453 sententia
589 2395 636 2450 est
657 2383 836 2472 admirantis
858 2384 929 2461 loci,
953 2405 1047 2468 quem
1066 2384 1238 2470 descripsit,
1262 2383 1490 2448 amoenitatem.

569 2487 631 2552 XI.
655 2489 735 2552 489:

723 2587 950 2681 βουλοίμην
922 2619 941 2658 ιι
973 2585 1158 2679 ἐπάρουρος
1179 2589 1240 2658 ἑοῖο
1261 2583 1441 2678 θητεύεμεν
1463 2585 1550 2676 ἄλλῳ
1572 2618 1600 2657 ιι.
1621 2615 1649 2660 a.
1673 2591 1700 2656 λ.

420 2719 510 2764 causa
530 2695 665 2760 indicata
686 2707 733 2758 est
754 2715 872 2772 eorum,
896 2717 976 2780 quae
1002 2695 1203 2758 antecedunt:
1693 2735 1696 2740 -

722 2793 768 2884 pri
790 2793 832 2888 δὴ
853 2823 912 2881 μοι
935 2791 1078 2866 θάνατόν
1099 2822 1135 2884 με
1158 2794 1330 2883 παραύδα·

569 2899 686 2964 ΧΧΠ.
709 2903 790 2966 349:

929 3033 975 3094 τῳ
995 3001 1041 3095 μή
1062 3031 1103 3090 με
1126 3005 1250 3073 λιλαίεο
1271 3004 1506 3095 δειροτομῆσαι

712 3112 769 3179 καί
790 3137 844 3178 κεν
870 3111 1057 3201 Τηλέμαχος
1077 3103 1206 3194 ao'dey'
1229 3109 1334 3190 abror,
1357 3131 1417 3184 σος
1438 3109 1589 3198 pilor‘
1557 3105 1638 3188 υιός.

566 3211 716 3278 Phemius
739 3213 897 3279 obtestans
918 3213 1062 3290 Ulixem,
1085 3224 1120 3277 ut
1140 3205 1200 3278 'sibi
1221 3223 1337 3298 parcat,
1362 3213 1592 3279 excusationem
1615 3237 1648 3278 se
1671 3213 1788 3281 habere
1810 3193 1905 3292 addit,
1928 3237 1989 3300 qua
2011 3215 2056 3280 ira

417 3317 495 3386 illius
516 3313 605 3378 leniri
626 3315 733 3399 possit.

569 3415 650 3481 Sunt
671 3419 764 3484 etiam
786 3419 891 3496 loci,
883 3443 915 3482 m
937 3418 1051 3502 quibus
1073 3417 1176 3480 minus
1197 3418 1362 3504 perspicuo
1384 3441 1452 3485 esse
1474 3421 1616 3487 videatm
1638 3422 1844 3500 cohaerentia,
1868 3443 1962 3505 quom
1983 3443 2054 3506 par-

418 3524 507 3594 ticula
539 3521 669 3585 iudicari
698 3523 772 3586 dixi.
825 3523 964 3586 Primum
995 3543 1048 3586 eos
1080 3521 1283 3600 examinabo,
1325 3523 1438 3607 quibus
1467 3523 1688 3590 Baeumleinus
1717 3535 1825 3589 contra
1856 3521 2053 3588 Sommerum

417 3651 489 3698 usus
511 3637 567 3690 est.
606 3623 680 3706 Qua
700 3625 732 3690 in
754 3649 787 3691 re
810 3637 938 3713 apparet
959 3647 1022 3690 non
1045 3625 1105 3688 hoc
1125 3623 1202 3688 mihi
1223 3624 1379 3711 agendum
1398 3647 1477 3702 esse,
1499 3639 1534 3690 ut
1545 3648 1660 3690 nexum
1672 3649 1740 3690 esse
1752 3626 1906 3690 causalem
1925 3627 2054 3691 demo'n-

416 3745 524 3806 suem,
558 3749 621 3812 quo
651 3750 668 3792 e
697 3729 799 3814 priore
829 3730 982 3816 posterior
1008 3750 1058 3792 res
1091 3743 1315 3810 consequatur3
1349 3727 1432 3792 hanc
1460 3729 1542 3794 enim
1568 3728 1723 3796 Sommeri
1745 3730 1980 3794 sentententiam
2003 3751 2053 3793 me

416 3842 516 3926 ipsum
544 3831 690 3917 rejicere,
725 3855 819 3919 supra
847 3833 999 3910 indicavi,
1033 3832 1088 3895 sed
1109 3842 1144 3895 ut
1166 3832 1333 3898 sententias
1355 3853 1393 3896 ea
1414 3855 1476 3917 qua
1498 3833 1563 3898 dixi
1585 3835 1704 3898 ratione
1726 3833 1892 3898 cohaerere
1914 3834 2052 3898 doceam.

416 3937 509 4024 Quod
537 3958 633 4020 quum
663 3946 693 4000 et
722 3936 823 4023 ipsum
856 3938 952 4001 latere
974 3937 1131 4014 videatur,
1165 3936 1237 4000 nolo
1260 3935 1317 4000 hos
1339 3936 1426 4000 locos
1449 3937 1570 4002 silentio
1592 3937 1851 4024 praetermittere,
1887 3938 1941 4022 qui
1963 3937 2053 4001 simul

415 4042 516 4112 variae
537 4039 619 4105 illius
640 4039 776 4116 rationis,
800 4063 862 4124 qua
883 4039 1052 4105 sententiae
1074 4039 1250 4116 cohaerent,
1274 4038 1473 4103 illustrandae
1495 4042 1689 4106 occasionem
1712 4039 1915 4126 praebebunt.
1995 4029 2004 4056 ⁸

567 4139 604 4206 Il.
627 4139 727 4205 XIX.
750 4145 830 4207 415:

722 4249 781 4312 νῶϊ
800 4245 837 4311 δὲ
859 4245 913 4311 καὶ
936 4269 989 4312 κεν
1010 4241 1078 4329 ἅμα
1099 4249 1196 4334 πνοιῇ
1218 4244 1385 4337 Ζεφύροιο
1406 4249 1540 4333 θέοιμεν

414 4337 684 4432 ΩιιιιιοἈοιιίΠοε
705 4347 841 4414 Patrocli
863 4350 982 4415 obitum
1004 4350 1093 4434 equis
1116 4350 1351 4436 exprobrasset,
1381 4349 1548 4430 Xanthus,
1579 4374 1613 4416 se
1635 4375 1653 4416 a
1675 4353 1767 4440 culpa
1789 4353 1913 4431 abesse,
1937 4355 2051 4441 quippe

413 4475 546 4542 quornm
569 4453 716 4518 velocitas
738 4474 801 4516 non
822 4454 992 4552 remisisset
1014 4465 1044 4517 et
1056 4451 1235 4539 Apollinem
1256 4455 1360 4539 potins
1381 4455 1466 4520 necis
1485 4477 1554 4520 esse
1565 4465 1735 4534 auctorem,
1757 4457 1934 4542 respondet
1966 4455 2051 4522 Con·

412 4557 588 4625 firmaturus
610 4555 692 4620 hanc
713 4553 925 4620 defensionem
946 4555 1034 4620 addit
1054 4557 1141 4635 illud,
1171 4579 1205 4622 se
1226 4567 1337 4622 ventos
1359 4557 1514 4624 oderitate
1535 4559 1746 4646 aequiparare.
1790 4558 1972 4645 Respioiunt
1993 4560 2051 4648 igi·

411 4671 463 4728 tur
483 4658 562 4726 baec
582 4657 680 4726 verba
700 4657 742 4724 ed
763 4659 922 4744 superiora
942 4660 1012 4724 illa:
