4508 5666
1108 587 1358 658 ..14-

566 790 606 856 of.
628 788 722 854 XVI.
746 789 817 854 153.
860 787 898 853 ll.
920 787 964 852 Il.
991 789 1039 852 lt.
1062 785 1160 852 XIII.
1184 791 1236 854 tt.
1704 853 1706 857 ,

566 891 689 958 Εαδοιο
711 914 760 957 res
781 900 837 969 ost,
860 891 886 955 si
905 890 1056 977 particula
1077 891 1107 955 ei
1128 890 1296 956 sententiae
1317 889 1472 966 inseritur,
1495 909 1576 974 quae
1598 909 1734 966 cauum,
1756 881 1882 968 indIca't,
1905 890 2054 972 undosa,

414 1017 497 1082 qnae
518 996 550 1062 in
572 994 824 1062 antecedentibus
834 1003 906 1058 sunt
925 993 1017 1072 dicta,
1040 995 1236 1080 colliguntur,
1259 1003 1293 1056 nt
1303 991 1335 1055 in
1348 1013 1386 1057 eo
1396 993 1477 1068 loco,
1490 1013 1584 1076 quem
1596 990 1633 1057 B.
1645 991 1756 1069 attulit,
1778 991 1817 1058 ll.
1829 991 1960 1058 XXIV.
1973 993 2054 1060 563:

722 1113 776 1180 nul
798 1111 834 1180 δέ
856 1133 893 1182 σε
912 1105 1084 1199 γιγνώσκω,
1104 1114 1247 1202 Πρίαμε,
1269 1113 1395 1204 φρασίν,
1418 1107 1496 1180 ον’δέ
1516 1135 1559 1196 μα
1580 1105 1707 1201 λήθεις,

724 1211 790 1284 ὅττι
811 1219 899 1284 θεῶν
919 1219 971 1291 vlc
993 1211 1022 1284 α’
1044 1206 1099 1306 ἦγε
1120 1211 1208 1290 dode
1229 1213 1282 1284 ἐπὶ
1304 1218 1382 1304 νῆας
1402 1211 1550 1296 Ἀχαιῶν·
1654 1294 1660 1304 Ι

724 1316 763 1388 ori
783 1313 845 1410 γάρ
867 1343 903 1387 κα
926 1320 1015 1407 stult]
1035 1317 1157 1408 βροτός
1178 1317 1325 1401 ἐλθέμεν,
1348 1315 1426 1388 οὐδέ
1446 1314 1519 1403 μέλ’
1542 1315 1631 1410 ἡβῶν

725 1423 759 1499 tr
781 1417 925 1510 στρατόν.

570 1529 607 1594 Il.
630 1527 692 1594 III.
715 1527 773 1592 56:

726 1621 809 1698 (illd
830 1622 920 1713 μάλα
946 1632 1054 1716 Τρῶες
1075 1621 1281 1718 δειδήμονες·
1308 1619 1330 1716 ἧ
1351 1627 1386 1695 τέ
1407 1655 1461 1698 κεν
1483 1623 1547 1718 ἤδη

722 1727 827 1800 λάϊνον
849 1729 926 1800 troo
947 1736 1072 1813 χιτῶνα,
1093 1735 1198 1800 κακῶν
1220 1725 1305 1814 ἕνεχ’,
1327 1726 1415 1800 ὅσσα
1437 1730 1569 1824 ἔοργας·

573 1851 647 1920 Huc
676 1854 767 1918 etiem
788 1851 938 1917 formulae
964 1852 1117 1936 quaedam
1146 1852 1295 1936 loquendi
1323 1855 1486 1938 pertinent,
1508 1855 1622 1939 quibus
1644 1867 1748 1922 unum
1769 1867 1860 1944 grate
1881 1857 1986 1924 limus
2006 1856 2057 1932 eit,

422 1981 463 2024 an
485 1960 606 2047 ingreta
627 1981 665 2025 ea
685 1981 752 2036 res,
781 1957 821 2022 de
843 1981 906 2042 qua
926 1958 1043 2023 dictum
1065 1971 1120 2035 est,
1144 1956 1311 2036 indicatum
1342 1959 1424 2024 unde
1446 1969 1529 2024 recte
1551 1980 1584 2024 se
1606 1958 1723 2024 habere
1745 1980 1797 2037 ea,
1832 1981 1913 2046 quae
1935 1969 2059 2024 antece-

420 2062 507 2140 dunt,
530 2030 674 2150 appareI:
703 2057 844 2143 χαλεπόν
871 2062 907 2130 δέ
936 2087 989 2130 κεν
1016 2062 1066 2148 εἴη
1089 2059 1169 2146 (Od.
1192 2058 1289 2124 XIII.
1315 2062 1390 2145 141)
1412 2057 1605 2150 νεμεσσητὸν
1626 2063 1663 2130 δέ
1685 2086 1738 2130 κεν
1759 2064 1811 2152 εἴη
1835 2062 1915 2140 (οδ.
1939 2061 2057 2144 xxfl,

419 2167 493 2231 489.
537 2166 575 2234 11.
596 2166 656 2231 111.
679 2168 751 2230 410.
794 2163 888 2228 XIV.
911 2165 984 2228 336.
1008 2161 1138 2226 XXIV.
1162 2163 1240 2248 463)
1261 2166 1367 2230 κακῶν
1389 2163 1426 2230 δέ
1446 2190 1482 2233 κε
1504 2163 1662 2254 φέρτατον
1682 2167 1733 2254 εἴη
1763 2167 1816 2252 (Il.
1840 2165 1952 2232 XVII.
1978 2166 2055 2250 105)

419 2264 459 2338 ad
481 2295 534 2340 κεν
556 2261 630 2362 ἧμιν
651 2263 741 2359 δέφαρ
762 2264 850 2335 πολι)
871 2266 997 2354 κέρδιον
1018 2269 1066 2354 εἴη
1090 2267 1143 2350 (11.
1165 2265 1277 2330 XVII.
1301 2268 1377 2348 417)
1406 2261 1426 2333 d
1452 2257 1513 2355 γάρ
1544 2262 1573 2335 κ’
1601 2263 1651 2352 ὄχ’
1678 2265 1809 2359 ι’έριστον
1830 2265 1983 2340 ἁπάντων
2004 2269 2058 2356 (11.

420 2369 501 2437 XII.
524 2373 603 2450 344)
625 2369 698 2456 ἐμοὶ
721 2368 759 2438 δέ
780 2395 833 2438 κεν
854 2365 979 2457 ἀσμένῳ
999 2367 1049 2458 εἰν)
1071 2369 1123 2449 (Il.
1146 2368 1241 2433 XIV.
1266 2369 1341 2450 108)
1365 2362 1475 2436 κάκιον
1496 2370 1534 2439 δέ
1554 2395 1607 2440 κεν
1628 2373 1678 2463 εἴη
1701 2373 1754 2459 (ll.
1777 2371 1840 2438 IX.
1865 2374 1953 2458 601).

576 2475 651 2551 Sed,
674 2485 708 2538 ut
729 2474 802 2539 illuc
823 2474 958 2552 redeam,
982 2472 1064 2536 unde
1086 2473 1244 2560 digressus
1266 2496 1352 2550 sum,
1376 2473 1452 2537 alios
1474 2474 1577 2555 locos,
1599 2477 1777 2562 inquibus,
1801 2477 1961 2562 qu'omodo
1983 2495 2058 2541 sen-

422 2580 535 2646 tentiae
557 2580 751 2656 cohaereant,
774 2575 991 2662 explicandum
1014 2573 1082 2641 esse
1104 2577 1236 2654 videtur,
1263 2576 1391 2640 addam:

577 2681 640 2749 Od.
664 2680 744 2746 XII.
768 2683 827 2743 77:

729 2793 807 2871 udde
828 2823 881 2868 κεν
902 2794 1024 2888 α’μβαίῃ
1045 2792 1163 2888 δρόσος
1185 2793 1273 2890 α’νῆρ,
1295 2795 1334 2870 οὐ
1355 2795 1522 2890 καταβόιη.
1615 2771 1618 2784 ¹
1980 2851 1983 2864 .

576 2901 664 2970 Haec
694 2904 844 2968 sententia
873 2903 912 2967 ad
946 2903 1107 2987 sequentia
1128 2912 1264 2980 tentum,
1297 2927 1377 2990 quae
1400 2906 1466 2990 ejus
1489 2927 1614 2970 eausam
1636 2905 1669 2970 in
1690 2927 1724 2969 se
1746 2904 1921 2968 continent:
1955 2899 2060 2990 πέτρη

308 3051 316 3066 =
421 3001 485 3092 yolo
512 3003 561 3079 lle
590 3005 672 3088 ἐστι,
701 3009 870 3097 περιξεπῇ
892 3003 998 3072 εἰκυῖα
1018 3005 1179 3069 referenda
1200 3028 1268 3072 esse
1290 3009 1428 3085 videtum
1452 3008 1508 3073 sed
1529 3009 1675 3073 cohaeret
1693 3008 1786 3071 etiam
1813 3029 1884 3072 oum
1907 3006 1955 3084 iis,
1979 3025 2060 3090 qnae

422 3107 618 3173 antecedunt
661 3107 833 3194 Postquam
855 3109 936 3172 enim
959 3107 991 3172 in
1013 3105 1217 3173 describendo
1239 3133 1314 3174 sexo
1336 3109 1426 3197 plura
1447 3111 1640 3188 memoravit,
1664 3132 1744 3195 quae
1767 3132 1838 3174 eum
1860 3109 1913 3194 qui
1932 3108 2061 3194 propius

422 3212 567 3289 accedat,
601 3221 748 3291 terreant,
780 3222 815 3277 ut
845 3211 989 3276 nebulam
1023 3233 1060 3276 ac
1089 3213 1269 3300 caliginem,
1304 3236 1366 3296 qua
1394 3212 1565 3279 obductum
1592 3215 1648 3277 sit:
1684 3212 1769 3277 aliud
1795 3212 1901 3288 addit,
1933 3221 2062 3296 propter

425 3316 511 3399 quod
537 3337 576 3379 ne
604 3313 670 3379 lieri
691 3315 817 3401 quidem
839 3317 952 3405 possit,
985 3329 1020 3382 ut
1041 3317 1111 3402 quis
1133 3317 1288 3382 ascendat.
1333 3317 1443 3404 Itedue
1465 3341 1562 3404 quum
1584 3318 1662 3382 baec
1685 3317 1798 3382 verba:
1827 3312 1904 3384 οὐδέ
1925 3342 1978 3383 κεν
1999 3309 2061 3400 δμ-

423 3418 503 3506 βαέν)
525 3413 639 3508 βρδιος
660 3412 748 3508 cludo,
781 3418 884 3508 πέτρη
904 3415 964 3509 γὰρ
987 3420 1035 3497 ur
1057 3415 1142 3488 ἐστιν
1166 3443 1263 3508 unam
1289 3422 1471 3486 sententiam
1501 3421 1654 3500 efficiant,
1687 3444 1749 3508 que
1779 3415 1976 3485 continuatur
2007 3419 2061 3483 illa

424 3520 607 3608 descriptior
630 3509 775 3608 primaria
796 3527 862 3610 ejus
884 3548 956 3611 pars
976 3525 1010 3588 in
1031 3525 1183 3612 principio
1204 3525 1306 3611 posita
1327 3546 1363 3588 ao
1385 3525 1538 3610 particula
1558 3525 1611 3594 κέν
1633 3547 1704 3590 oum
1716 3521 1972 3589 antecedentibus
1985 3543 2060 3586 con-

418 3625 530 3710 juncta
550 3635 606 3690 est.
651 3623 741 3708 Quae
763 3640 865 3694 autem
886 3629 979 3715 paulo
1001 3627 1081 3692 infra
1101 3628 1246 3716 legrmtur
1267 3651 1312 3692 vs.
1336 3629 1393 3692 83:

731 3741 810 3815 ου’δέ
831 3773 884 3816 κεν
905 3745 940 3817 έκ
962 3744 1037 3836 νηὸς
1056 3749 1221 3837 γέαφνρῇς
1241 3740 1368 3837 αἰζήϊος
1390 3741 1469 3836 titvlo

732 3845 1005 3939 τόξῳέϊοτεύσος
1026 3854 1137 3920 κοῖλον
1158 3852 1258 3926 culos
1280 3849 1489 3940 εἰσαφίκοιτο.

426 3971 557 4017 eversu
578 3952 638 4018 8οι

732 4055 842 4144 μέσσῳ
864 4051 897 4124 δ’
922 4055 1121 4144 &cucullae
1142 4056 1210 4125 ἐστὶ
1232 4056 1333 4133 coloe
1354 4052 1518 4146 ἠεροειδές

427 4175 610 4263 explicanda
631 4186 711 4240 sunt.
757 4174 863 4259 Quum
892 4175 1041 4261 spelunca
1065 4177 1097 4240 in
1125 4176 1229 4241 media
1256 4187 1342 4263 parte
1365 4178 1432 4242 saxi
1454 4199 1521 4244 esse
1544 4177 1679 4258 dicatur,
1713 4178 1802 4262 cujus
1824 4175 1955 4240 altitudo
1978 4187 2064 4240 tanta

427 4281 476 4357 sit,
499 4283 533 4344 rit
553 4279 594 4343 ad
616 4279 736 4346 coelum
757 4281 929 4366 promineat
951 4281 1012 4368 (vs.
1037 4279 1107 4360 73))
1129 4281 1272 4367 sagittam
1295 4302 1332 4346 eo
1354 4279 1428 4345 ferri
1449 4303 1512 4345 non
1533 4301 1627 4366 posse
1647 4279 1739 4344 facile
1759 4278 1949 4365 intelligitur.

580 4382 621 4448 ib.
644 4383 724 4448 385:

736 4496 834 4570 Ἠέλι’
853 4497 924 4592 ἤτοι
944 4503 1003 4588 μέν
1023 4499 1065 4570 οδ
1086 4498 1154 4587 μετ’
1177 4496 1373 4571 α’θανᾶιοιοι
1393 4498 1520 4591 ederet·

735 4607 797 4672 τῶν
819 4606 855 4674 δέ
876 4605 902 4673 κ’
924 4601 987 4692 ένιδ
1007 4601 1090 4688 cdxc
1110 4609 1169 4694 νῆα
1190 4602 1276 4694 θοήν
1295 4600 1410 4698 α’ργῆτι
1431 4609 1570 4695 senectui

736 4707 843 4780 νοτδδ
863 4705 973 4795 dulor
993 4702 1145 4792 κεάσαιμι
1165 4738 1193 4778 κ.
1215 4735 1244 4778 κ.
1265 4709 1294 4778 λ.
