4508 5666
1098 587 1350 686 Τιν-

395 793 524 868 addere,
547 792 697 877 quoniam
718 791 977 856 antecedentibus
995 791 1117 876 vorb'n,
1148 791 1263 874 quibos
1292 791 1422 856 morum
1446 792 1496 856 vel
1518 791 1680 856 bominum
1703 807 1763 878 ope
1785 812 1857 858 earn
1879 790 2051 858 rfflornm
2136 781 2140 788 ¹

396 918 468 962 ease
489 907 669 982 negaverat,
692 895 894 982 exspectatio,
917 894 995 980 quid
1015 895 1163 971 id-esset,
1187 895 1273 978 qued
1296 896 1492 960 constituisse
1515 915 1549 961 se
1570 897 1701 974 dxerat,
1725 909 1790 964 erat
1809 907 1976 963 commota.

539 997 620 1066 'Sed
642 1000 840 1085 probandum
861 1009 910 1062 est
932 997 1018 1082 qood
1040 997 1122 1073 dixi,
1156 997 1441 1082 frequentissimum
1464 999 1548 1064 huno
1570 1016 1661 1062 osam
1685 1018 1771 1078 esse3
1805 1001 1885 1064 inter
1909 1001 2053 1086 exempla

364 1173 366 1183 ι
398 1101 492 1178 enim,
514 1103 751 1178 aBaeumleiao
773 1102 866 1165 allata
888 1101 1088 1169 tristantem
1112 1114 1183 1165 sunt
1204 1101 1256 1164 vel
1279 1111 1421 1183 quatuor,
1445 1101 1604 1184 inquibus
1620 1101 2054 1188 particadaadpraecedantia

398 1206 499 1272 rerba
526 1207 634 1272 resen-i
663 1229 727 1271 non
748 1207 858 1292 possit.
906 1204 996 1271 Solet
1018 1219 1121 1270 autem
1144 1207 1229 1292 apud
1252 1203 1445 1282 Homerum,
1476 1205 1543 1269 sive
1572 1216 1665 1291 poeta
1686 1207 1754 1292 ipse
1777 1207 1895 1272 dixisse
1917 1207 2052 1290 aliquem

397 1319 512 1388 amat,
534 1312 602 1375 aive
624 1312 652 1375 is
672 1309 728 1394 qui
750 1308 897 1392 loquitur,
922 1329 955 1372 se
978 1308 1134 1372 dicturum
1157 1331 1226 1373 esse
1249 1309 1419 1395 signifieat,
1443 1309 1509 1373 sive
1531 1310 1661 1374 alterum
1677 1309 1898 1394 'dicerejubet
1919 1311 2052 1375 ininitio

396 1415 547 1479 orationis
579 1415 718 1500 optativo
747 1413 825 1477 haec
856 1413 1007 1497 particulo
1028 1412 1111 1476 addi.
1157 1411 1268 1494 Itaque
1290 1413 1461 1496 posthaec
1483 1413 1594 1476 verba:
1626 1411 1840 1499 προσέειπεν,
1874 1415 2052 1493 μετέειπεν,

396 1514 636 1604 προσεφώνεεν,
661 1514 741 1590 ἔπος
762 1511 791 1582 τ’
812 1510 906 1602 ἔφατ’
928 1513 963 1583 tt
985 1512 1009 1580 τ’
1034 1509 1190 1597 ὀνόμαζεν
1218 1527 1248 1578 et
1278 1515 1390 1581 similia
1421 1515 1538 1598 ubique
1559 1515 1612 1580 κέν
1633 1515 1770 1600 positum
1793 1528 1965 1601 estusque
1988 1507 2051 1582 ullo

392 1619 466 1686 loeo
488 1619 526 1688 du
546 1642 618 1685 cnm
641 1620 779 1706 optativo
801 1621 1002 1703 conjunctum
1024 1641 1075 1683 me
1096 1617 1202 1705 legere
1224 1618 1360 1694 memini,
1384 1617 1443 1680 nisi
1465 1619 1495 1680 in
1520 1619 1680 1683 sententiis
1698 1620 1861 1705 negativis,
1885 1611 2052 1703 inquibus

395 1740 498 1810 paene
518 1723 689 1810 legitimam
711 1724 805 1806 bujus
828 1723 997 1808 particulae
1019 1722 1127 1788 sedem
1143 1743 1222 1797 esse,
1246 1721 1326 1784 inira
1337 1720 1522 1785 videbimus.
1552 1721 1674 1785 Iudicat
1683 1723 1779 1808 igitur
1789 1725 1826 1800 is,
1849 1725 1903 1807 qni
1915 1725 2001 1808 loqui
2013 1721 2053 1787 de

306 1907 310 1920 Ἰ
393 1825 557 1910 aliquare
578 1825 707 1903 orditur,
732 1826 856 1890 dicendi
879 1827 919 1890 de
941 1847 979 1889 ea
998 1827 1121 1889 initium
1143 1848 1206 1888 non
1230 1825 1321 1888 etiam
1345 1825 1502 1909 cogitandi
1525 1844 1603 1900 esse,
1627 1825 1683 1888 scd
1699 1849 1745 1903 ea,
1769 1849 1850 1910 quae
1863 1827 1955 1904 dicat,
1977 1849 2050 1891 oum

394 1931 467 2007 alia,
489 1951 585 2014 quam
607 1931 711 1994 animo
734 1929 900 2015 agitaverit
921 1931 1082 2005 sementia,
1107 1930 1283 1994 cohaerere.
1330 1929 1494 2014 Exemplis
1515 1951 1581 1992 rem
1605 1930 1786 1994 illustrabo:

553 2052 616 2118 Od.
641 2051 733 2118 VIII.
759 2053 837 2117 195:

710 2172 763 2239 καὶ
785 2167 812 2238 ν’
835 2165 933 2246 ἄλλός
954 2195 1016 2253 τοι,
1038 2173 1131 2254 ξεῒνε,
1154 2169 1326 2264 διακρίνειε
1349 2165 1386 2234 τὸ
1409 2172 1505 2254 σῆμα.

396 2292 505 2372 Quum
529 2293 639 2358 Ulixes
661 2293 822 2384 Phaeaces
854 2294 931 2358 disci
962 2291 1131 2356 certamine
1162 2301 1353 2376 superasset,
1384 2286 1546 2354 Minerva:
1580 2289 1631 2353 vel
1654 2311 1783 2366 caecus,
1814 2292 1931 2376 inquit,
1962 2307 2050 2360 tuum

393 2380 516 2459 discum
539 2395 579 2460 ab
601 2395 669 2460 aliis
692 2395 867 2462 discernere
889 2407 1010 2484 potest;
1034 2397 1153 2461 viderat
1176 2395 1269 2470 enim,
1292 2395 1386 2480 longe
1409 2416 1479 2457 eum
1503 2393 1583 2456 ultra
1605 2412 1713 2455 omnes
1733 2393 1810 2456 ulios
1828 2395 1948 2477 jactum
1970 2419 2048 2462 esse.

556 2513 655 2578 XXI.
681 2516 761 2578 193:

1654 2595 1667 2624 Ι

707 2630 853 2706 Βουκόλε
874 2637 929 2705 καὶ
951 2629 1002 2718 ori,
1026 2634 1184 2724 συφορβέ,
1208 2633 1290 2709 ε”πος
1312 2636 1344 2701 αι’
1366 2661 1403 2702 κε
1424 2633 1646 2722 μυθησαίμην,

709 2737 731 2830 ἢ
752 2737 851 2816 αὐτὸς
873 2735 1004 2824 aelidem
1028 2735 1162 2829 φάσθαι
1185 2740 1220 2806 di
1242 2732 1289 2822 μεΙ
1306 2733 1417 2820 θυμός
1436 2732 1564 2822 ἀνώγει·

706 2846 797 2912 ποῖοί
818 2839 843 2910 κ’
867 2837 926 2912 εἶτ’
947 2837 1080 2932 Ὀδυσῆϊ
1100 2836 1270 2928 ᾰμύνεμεν,
1292 2841 1323 2907 εἲ
1344 2845 1453 2908 ποθεν
1479 2835 1594 2922 tien,-

459 2943 464 2952 .
550 2966 625 3032 Hoc
647 2967 680 3030 in
700 2966 771 3032 loco
787 2989 883 3051 quum
897 2965 1250 3050 bispartioulalegstur,
1274 2961 1766 3049 utraquesententiaeorespioit,
1791 2965 2051 3049 quodbominum

393 3069 530 3146 illorum,
553 3069 699 3153 aquibus
710 3068 859 3135 anilium
871 3069 931 3134 sibi
943 3067 1039 3133 latum
1051 3068 1090 3132 iri
1102 3079 1215 3154 sperat,
1239 3067 1359 3130 animos
1375 3065 1583 3150 explorandos
1596 3088 1664 3130 esse
1676 3067 1836 3153 intelligit3
1860 3080 2052 3156 quapropter

392 3172 541 3258 primum,
565 3173 865 3238 communicaturum
888 3193 921 3235 se
944 3193 1012 3236 csse
1035 3171 1153 3254 aliquid
1175 3193 1247 3234 curn
1269 3170 1321 3246 iis,
1345 3170 1458 3234 deinde
1480 3169 1639 3234 autemid
1661 3170 1774 3255 ipsum,
1799 3173 1885 3256 quod
1908 3175 1987 3240 scire
2010 3197 2051 3240 ex

395 3275 456 3340 illis
475 3275 569 3360 cupit,
587 3273 712 3340 indicat.
745 3274 795 3340 Cf.
812 3273 876 3340 Od.
892 3274 917 3342 Ι.
930 3275 993 3338 390
1009 3273 1102 3338 VIII
1115 3273 1188 3336 336.
1200 3272 1263 3336 ΧΙ.
1279 3275 1356 3338 144..
1366 3271 1442 3336 XV.
1458 3273 1528 3336 195.
1540 3275 1614 3338 431.
1627 3275 1689 3340 435
1705 3275 1816 3341 XVII
1830 3279 1904 3354 561.
1916 3277 2049 3344 XVIII.

393 3377 468 3442 357.
490 3375 607 3442 XXII.
631 3377 703 3442 262.
733 3377 770 3442 Il.
783 3376 843 3442 IV.
866 3381 917 3442 94.
941 3379 1014 3444 318.
1026 3377 1073 3442 X.
1095 3378 1158 3452 303
1170 3376 1267 3442 XIV.
1290 3379 1353 3440 244
1364 3375 1459 3440 XVI.
1484 3377 1544 3440 617
1558 3377 1671 3442 XVII.
1685 3379 1757 3444 586.
1770 3383 1831 3444 629
1843 3380 1975 3446 XXIV.
1993 3384 2047 3448 56.

394 3478 572 3551 Commode
606 3479 750 3545 omnibus
783 3481 831 3546 his
864 3481 942 3546 locis
972 3481 1137 3568 explicatio
1167 3491 1275 3545 nostra
1304 3479 1445 3544 adhiberi
1468 3491 1579 3564 potest.
1631 3479 1826 3548 Monendum
1856 3495 1903 3548 est
1932 3497 2047 3562 antem,

395 3583 548 3659 Graecos,
572 3605 668 3668 quum
691 3584 874 3669 particulam
897 3587 964 3668 ejus
987 3585 1072 3648 modi
1095 3584 1265 3657 sententiis,
1290 3583 1527 3663 convenienter,
1551 3597 1585 3648 ut
1607 3586 1709 3663 docui,
1733 3589 1801 3670 ejus
1823 3599 1968 3666 naturae,
1992 3589 2049 3654 ad-

396 3688 472 3750 dere
495 3687 590 3752 semel
613 3688 805 3773 coepissent,
829 3711 891 3751 non
908 3689 976 3772 jam
1000 3688 1039 3752 de
1061 3689 1167 3751 nativa
1189 3689 1256 3771 ejus
1278 3697 1431 3772 potestate
1452 3685 1495 3749 ita
1518 3675 1688 3776 cogitasse,
1720 3703 1754 3752 ut
1777 3702 1921 3753 accurate
1942 3703 2048 3776 postc-

396 3792 511 3856 n'orem
533 3813 550 3854 ε
573 3791 676 3876 priore
694 3793 846 3858 sententia
864 3793 1063 3869 deducerent,
1087 3792 1142 3857 sed
1155 3802 1311 3876 receptam
1325 3813 1393 3854 eam
1405 3789 1554 3875 loquendi
1567 3792 1791 3856 consuetudine
1804 3792 1929 3876 ubique,
1952 3792 2048 3857 modo

392 3897 633 3962 constructionis
654 3895 755 3961 sonna
777 3899 961 3976 admitteret,
984 3899 1016 3962 in
1039 3898 1140 3984 prima
1162 3895 1309 3960 orationis
1332 3896 1483 3959 sententia
1505 3896 1656 3980 posuisse.
1698 3888 1804 3974 Quam
1824 3895 1864 3958 ob
1887 3918 1962 3972 rem,
1990 3897 2047 3960 etsi

394 3999 512 4084 ubique
535 4023 572 4063 ea
601 4000 713 4076 verba,
742 4001 857 4084 quibus
879 4001 984 4066 addita
1006 4011 1070 4078 est,
1099 4000 1140 4063 ad
1163 4000 1255 4063 aliam
1278 3998 1380 4061 animo
1404 3999 1550 4084 agitatam
1573 3999 1769 4075 sententiam,
1792 4022 1886 4084 quam
1909 4000 2046 4086 plerum-

394 4125 457 4187 que
490 4125 552 4166 non
583 4102 708 4168 difficile
741 4116 788 4170 est
817 4116 992 4191 praestare,
1027 4103 1142 4168 referre
1159 4099 1297 4187 juberis,
1332 4101 1396 4165 noli
1418 4111 1520 4164 tumen
1544 4100 1576 4166 id
1599 4125 1725 4187 operam
1749 4099 1840 4178 dare,
1876 4113 1910 4166 ut
1926 4104 2045 4187 justam

392 4205 660 4272 ratiocinationem
682 4205 813 4271 indicari
835 4206 988 4292 particula
1006 4207 1138 4292 aperias,
1162 4208 1250 4290 eujus
1274 4204 1330 4281 ais,
1354 4206 1379 4268 si
1402 4205 1446 4268 sic
1469 4228 1536 4268 eam
1562 4205 1705 4269 volumus
1729 4203 1917 4294 intelligere,
1942 4217 1976 4270 ut
1998 4207 2046 4270 iu-

396 4309 516 4374 tellenit
537 4321 630 4394 poeta
651 4308 728 4394 ipse,
751 4331 845 4374 sensu
867 4311 967 4396 magis
989 4308 1201 4396 percipienda,
1225 4329 1318 4391 quam
1342 4308 1381 4370 ad
1405 4319 1520 4370 certam
1544 4307 1702 4372 notionem
1725 4309 1902 4372 revocanda
1924 4321 1980 4372 est.

550 4412 661 4496 Itaque
683 4435 722 4476 ne
744 4413 822 4476 illud
845 4413 971 4497 quidem
995 4411 1220 4476 dubitationem
1244 4408 1350 4486 affert,
1375 4411 1461 4494 quod
1483 4411 1515 4473 in
1537 4411 1693 4475 nonnullis
1716 4435 1835 4488 eornm,
1859 4435 2047 4498 quossupra

392 4516 493 4594 attuli,
515 4515 655 4580 locorum
677 4538 745 4580 eam
768 4517 868 4601 ipsam
891 4518 1085 4592 sententiam,
1109 4537 1189 4600 quae
1201 4513 1396 4600 potissimum
1409 4513 1597 4598 cogitatione
1615 4513 1810 4578 adsumenda
1828 4537 1897 4580 esse
1911 4514 2045 4592 videtur,

394 4617 500 4683 verbis
523 4619 710 4682 declaratam
733 4619 824 4702 eique
847 4620 1035 4696 sententiae,
1068 4623 1157 4703 cnjus
1188 4631 1235 4684 est
1262 4640 1371 4692 causa,
1403 4613 1539 4681 additam
1563 4615 1714 4687 videmus.
1759 4615 1892 4680 Factum
1914 4617 1976 4680 boc
1998 4629 2047 4680 est

391 4722 427 4788 in
449 4721 487 4787 iis
508 4718 595 4801 locis,
618 4723 651 4786 in
673 4721 788 4806 quibus
810 4722 1008 4786 enunciatum
1032 4721 1246 4786 conditionale
1268 4720 1417 4806 sequitur,
1440 4729 1474 4783 ut
1496 4717 1528 4782 in
1551 4719 1648 4786 altero
1661 4743 1768 4785 eorum
1783 4717 1947 4804 Odysseae
1958 4717 2046 4784 l'ooo·
