4508 5666
1104 588 1324 658 ..2-

397 793 560 858 enunciata
579 783 790 879 particulatio
812 792 975 880 conjungi,
1003 790 1179 858 sinautem
1202 811 1269 856 earn
1293 800 1411 854 tanturn
1434 789 1549 856 babere
1571 790 1652 868 vim,
1681 803 1716 855 ut
1738 793 1889 858 sentenda
1910 785 1964 858 eui
1981 795 2028 858 in·

398 907 525 973 seratur,
549 918 588 960 ex
610 918 647 960 ea
668 917 749 981 quae
769 895 952 982 praecedat,
975 895 1066 960 facile
1087 895 1160 960 oriri
1183 893 1312 958 dicaam.

551 998 655 1083 Hujus
678 998 847 1062 sententiae
870 1019 966 1082 quum
989 999 1074 1063 varia
1098 997 1131 1064 S.
1155 1005 1338 1083 argumenta
1358 997 1537 1082 protulerit,
1567 999 1768 1084 ecquidem,
1791 1023 1872 1086 quae
1900 1001 1940 1067 ab
1962 1002 2029 1088 ipse

397 1101 618 1168 vocabulorum
641 1101 826 1178 diversitate,
850 1124 869 1165 a
890 1112 999 1166 natura
1020 1103 1144 1187 linguae
1167 1100 1288 1186 epicae,
1312 1122 1331 1164 a
1353 1099 1555 1166 collocatione
1576 1103 1743 1186 particulae
1764 1102 1815 1172 air
1838 1107 1933 1190 petita
1947 1121 2028 1180 sunt,

396 1215 430 1268 ut
452 1206 570 1270 mittam
593 1205 661 1280 alia,
685 1223 765 1288 quae
787 1217 858 1272 sunt
880 1205 1007 1270 minoris
1029 1205 1187 1282 momenti,
1210 1215 1294 1268 recte
1316 1226 1335 1267 a
1356 1203 1559 1269 Baeumleiuo
1580 1206 1713 1270 refutata
1739 1229 1806 1273 esse
1828 1231 1957 1288 oensem
1989 1210 2028 1275 de

397 1309 507 1374 ceteris
551 1331 641 1374 secus
674 1307 749 1372 mihi
782 1307 914 1372 ridetur.
970 1307 1082 1373 Obiter
1114 1331 1210 1372 uuum
1245 1309 1412 1392 attingam,
1446 1309 1486 1374 de
1523 1331 1586 1393 quo
1620 1309 1778 1376 verissime
1812 1309 1846 1376 S.
1864 1312 2026 1396 judicavit.

293 1395 294 1404 ἵ
396 1409 512 1474 Mirum
535 1412 616 1475 enim
638 1411 734 1488 foret,
758 1410 784 1474 si
807 1409 920 1476 Graeci
943 1409 1020 1476 dues
1042 1411 1209 1497 particulas
1232 1412 1370 1495 ejusdem
1383 1430 1520 1498 ¹prorsus
1543 1411 1732 1499 significatus
1754 1415 1784 1478 in
1807 1415 1915 1480 eodem
1932 1438 2029 1480 enun-

395 1515 494 1590 ciat0,
527 1537 567 1578 ue
600 1515 780 1600 interposito
813 1514 940 1598 quidem
973 1513 1033 1577 alio
1066 1513 1219 1580 vocabulo
1252 1513 1457 1578 admisissent.
1501 1513 1581 1578 Nam
1605 1516 1689 1598 quod
1712 1516 1749 1582 B.
1769 1519 1914 1604 opponit,
1937 1519 2028 1584 etiem

395 1615 470 1680 alias
491 1615 675 1702 particulae,
698 1615 812 1701 quibus
834 1617 941 1681 similis
964 1629 1046 1681 esset
1067 1618 1267 1704 significatio,
1302 1617 1363 1682 hoo
1389 1617 1484 1682 modo
1507 1619 1671 1704 conjungi,
1700 1631 1736 1685 ut
1757 1611 1778 1708 ἦ
1799 1616 1871 1710 μήν,
1892 1622 1950 1705 μέν
1970 1648 2029 1706 τοι,

393 1717 454 1810 γὰρ
475 1721 534 1810 dri:
556 1744 619 1786 non
640 1722 795 1808 reputavit
817 1722 864 1786 vir
885 1721 1092 1800 doctissimus,
1116 1722 1208 1786 aliam
1231 1743 1299 1786 esse
1322 1720 1463 1799 eandem,
1487 1721 1579 1786 aliem
1600 1723 1731 1788 similem
1754 1725 2027 1811 significationem

395 1837 490 1910 utque
512 1825 698 1903 concedun-³
713 1825 851 1899 ,ωε
868 1826 1063 1902 conciliatu,
1086 1826 1244 1910 quomodo
1271 1815 1295 1914 ἦ
1317 1837 1348 1897 et
1366 1820 1532 1914 reprimet·
1549 1847 1587 1895 eu
1608 1825 1753 1902 differant
1776 1863 1813 1881 ·.-
1839 1851 2026 1914 quamquam

394 1928 519 1993 differre
540 1949 631 1994 nemo
654 1929 780 2016 negabit
804 1967 840 1978 -
867 1941 995 2015 apparet
1017 1940 1130 2006 tamen,
1154 1951 1207 1992 eas
1230 1929 1374 2006 voculas,
1408 1951 1489 2013 quae
1518 1930 1635 1994 nullam
1658 1930 1716 1993 nisi
1738 1929 1912 1996 affirmandi
1934 1943 2026 2018 atque

394 2033 590 2098 aasevemndi
613 2034 674 2098 vim
697 2032 847 2108 habeant,
878 2054 940 2095 non
962 2054 1054 2116 posse
1077 2054 1147 2096 oum
1176 2032 1214 2096 iis
1236 2032 1426 2117 comparari,
1457 2055 1537 2117 quae
1560 2043 1613 2097 aut
1634 2043 1752 2096 certum
1775 2035 1948 2120 exprimant
1970 2058 2025 2100 no-

393 2134 518 2212 tionem,
541 2147 594 2200 aut
615 2137 643 2200 ei
666 2136 792 2212 rationi,
823 2158 886 2219 qua
911 2136 1074 2200 enunciata
1100 2137 1180 2200 inter
1201 2158 1235 2199 se
1258 2135 1460 2212 cohaereant,
1483 2134 1694 2221 designandae
1716 2137 1893 2202 inserviant.
1938 2139 2023 2216 Illae,

287 2295 288 2300 ,
393 2237 539 2320 quoniam
561 2238 655 2302 animi
677 2237 882 2314 affectionem,
906 2261 986 2322 quac
1008 2263 1080 2303 cum
1102 2239 1254 2303 sententia
1275 2239 1410 2322 quadarn
1427 2241 1658 2324 coujunctoest,
1681 2240 1828 2318 indicant,
1850 2241 2024 2308 nousolum

391 2340 423 2404 in
446 2337 585 2418 Graeca,
618 2341 674 2406 aed
706 2342 738 2406 in
767 2340 911 2408 omnibus
941 2342 1054 2428 linguis
1084 2343 1295 2420 cumulantem
1330 2343 1407 2407 aliae
1441 2356 1543 2408 autem
1573 2344 1720 2409 orationis
1742 2357 1844 2430 partes
1867 2347 2024 2430 quomodo

391 2445 486 2510 semel
508 2445 647 2532 eogitari,
670 2443 718 2509 bis
734 2444 898 2524 enunciari
918 2446 1048 2530 possint,
1072 2446 1198 2510 omnino
1221 2465 1284 2508 non
1306 2443 1454 2533 intelligo.
1498 2445 1569 2511 Non
1597 2469 1690 2533 posse
1720 2447 1872 2514 boccum
1895 2449 2025 2534 repetita

391 2547 541 2634 particula
562 2541 600 2616 cir
620 2548 652 2611 in
674 2547 804 2612 diversis
827 2549 973 2611 orationis
997 2549 1144 2614 membris
1167 2551 1350 2635 comparari,
1374 2551 1424 2614 vix
1448 2561 1495 2617 est
1517 2552 1602 2638 quod
1624 2572 1777 2616 moneam.
1822 2551 2022 2638 Comporavit

311 2704 314 2716 .
391 2649 430 2716 B.
452 2661 612 2738 praeterea
632 2639 731 2728 αὖθις
752 2643 865 2735 πάλιν,
899 2645 998 2731 αὖθις
1020 2644 1080 2735 aab·
1113 2655 1168 2718 sod
1192 2654 1264 2720 nolo
1286 2667 1442 2741 repetere,
1477 2677 1557 2738 quae
1586 2653 1638 2720 alii
1665 2652 1704 2718 de
1731 2653 1779 2718 his
1803 2654 1946 2718 dixerunt
1968 2655 2021 2732 (ct'.

390 2753 486 2821 Klotz
508 2754 549 2823 ed
571 2754 652 2820 Dev.
676 2754 721 2820 11.
744 2776 776 2839 p.
799 2757 887 2840 211).

542 2859 566 2940 ξ.
589 2859 619 2922 2.
663 2856 843 2941 Antequam
859 2882 960 2926 ineam
982 2860 1164 2926 senteutiam
1188 2861 1227 2924 de
1249 2859 1297 2924 his
1319 2845 1657 2946 particulis,nounibil
1672 2857 1859 2924 aSommeri
1873 2859 2025 2926 sententie

391 2959 627 3050 deorepautem,
650 2982 819 3046 exponam,
853 2963 1022 3030 videndum
1044 2974 1108 3040 est,
1131 2985 1205 3028 num
1228 2983 1285 3044 ea,
1310 2983 1392 3045 quae
1413 2961 1452 3028 B.
1480 2961 1521 3028 de
1552 2961 1678 3026 notione
1707 2981 1814 3026 earum
1844 2961 2022 3047 disputavit,

392 3085 464 3130 vero
485 3065 556 3132 sint.
601 3064 675 3132 Vim
697 3087 812 3144 earum,
837 3076 869 3130 ut
890 3067 989 3152 ipsius
1011 3065 1109 3132 verba
1129 3087 1254 3152 ponam,
1277 3063 1359 3128 banc
1381 3085 1450 3128 ease
1471 3063 1563 3128 dicite
1596 3063 1689 3140 „dass
1711 3064 1756 3128 aie
1777 3063 1829 3128 die
1851 3063 2024 3150 Handlung

389 3167 434 3232 als
456 3167 595 3232 wirldieh
616 3176 752 3235 setzen.“
797 3167 871 3232 Hoc
892 3169 965 3252 quid
986 3169 1043 3246 sit,
1076 3168 1202 3234 difficile
1225 3178 1271 3232 est
1300 3168 1341 3234 ad
1363 3167 1596 3254 intelligendum
1620 3188 1808 3251 vereorque,
1842 3182 1876 3231 ut
1898 3167 1963 3252 ipse
1986 3165 2024 3232 B.

390 3269 475 3352 quod
496 3269 584 3346 dixit,
607 3271 682 3338 satis
703 3282 899 3356 perspectum
922 3271 1074 3337 habuerit.
1119 3270 1300 3358 Explicavit
1327 3271 1454 3357 quidem
1482 3271 1543 3338 hoo
1572 3270 1685 3338 modo:
1721 3271 1796 3348 ,der
1819 3269 1944 3356 Begriff
1967 3269 2024 3336 der

391 3370 531 3460 Setaung
552 3373 656 3440 istim
677 3373 870 3460 Hauptsatze
893 3375 959 3451 das,
982 3394 1045 3440 was
1068 3374 1118 3440 die
1140 3374 1396 3464 Voraussetzuug
1417 3376 1459 3440 im
1481 3373 1707 3442 Nebeusutze.“
1753 3375 1797 3440 At
1826 3374 1904 3440 baec
1925 3373 2023 3459 expli·

388 3479 468 3544 catio
491 3479 559 3546 talis
581 3491 637 3554 eet,
660 3491 694 3544 ut
715 3479 783 3565 ipsa
804 3479 1009 3565 explicatione
1029 3478 1182 3566 indigeat;
1205 3479 1320 3544 addere
1343 3481 1426 3546 enim
1448 3480 1592 3558 deb'ebat,
1614 3493 1646 3544 et
1668 3478 1744 3564 quid
1765 3477 1926 3562 utriusque
1940 3469 2026 3544 eum·

388 3581 479 3648 tionis
502 3601 667 3650 commune
689 3595 771 3650 esset
792 3594 824 3646 et
845 3583 1002 3667 quomodo
1031 3583 1186 3648 enunciati
1216 3582 1390 3648 secundarii
1413 3583 1526 3648 sumtio
1547 3582 1587 3648 ab
1611 3604 1663 3659 ea,
1694 3606 1788 3666 quam
1818 3583 1849 3646 in
1878 3581 2025 3668 primario

388 3684 567 3763 caedicio,
602 3685 734 3752 differat.
779 3686 944 3758 Sumtione
966 3708 1029 3751 nou
1052 3687 1182 3764 utimur,
1216 3687 1276 3752 nisi
1297 3688 1329 3750 in
1352 3709 1424 3752 eum
1445 3687 1557 3764 finem,
1591 3697 1626 3749 ut
1647 3687 1687 3750 ad
1709 3686 1800 3750 aliam
1831 3707 1911 3763 rem,
1945 3704 2026 3769 quae

388 3788 551 3857 uobaereet
574 3811 645 3858 oum
666 3790 728 3868 illa,
751 3812 845 3875 quam
868 3789 1029 3862 sumimus,
1052 3791 1299 3878 progrediamur,
1323 3801 1512 3876 quapropter
1533 3789 1577 3856 illi
1596 3790 1627 3856 in
1654 3789 1838 3854 secundario
1861 3789 2024 3854 enunciato

387 3894 474 3960 loom
496 3909 553 3960 est.
598 3892 772 3967 Obscurior
792 3893 828 3958 fit
849 3915 910 3970 res,
932 3892 959 3958 si
980 3892 1054 3957 huic
1075 3893 1193 3958 notioni
1215 3893 1342 3958 alteram
1364 3893 1460 3970 illam,
1481 3893 1514 3958 id
1537 3893 1623 3977 quod
1645 3903 1692 3956 est
1715 3891 1893 3974 „wirklioh“
1910 3891 2024 3956 addere

387 3997 473 4064 velis.
517 3997 677 4064 Suruimus
711 3999 792 4064 euim
826 4008 878 4060 aut
912 4018 950 4060 ea
982 4017 1062 4080 quae
1094 4019 1156 4060 non
1187 4019 1255 4062 esse
1284 3997 1399 4063 scimus
1426 4010 1480 4063 aut
1509 4019 1589 4081 quae
1625 3997 1688 4064 sint
1721 4017 1820 4060 necue
1852 3995 2022 4071 nescimus3

387 4100 524 4184 ubisque
557 4122 594 4163 ea
626 4123 707 4184 quae
739 4122 807 4165 esse
840 4100 955 4165 scimus
988 4101 1130 4186 opposita
1151 4114 1232 4166 sunt.
1277 4101 1378 4185 Atqui
1406 4123 1502 4184 quum
1536 4099 1701 4174 sumimus,
1735 4098 1837 4164 faeere
1864 4119 1928 4162 nou
1950 4118 2022 4181 pos·

385 4225 509 4281 eumue,
532 4205 607 4288 quin
636 4227 705 4272 esse
733 4205 852 4290 aliqud
880 4205 1071 4292 cogitemus;
1093 4205 1154 4272 hoe
1176 4217 1280 4272 autem
1303 4206 1343 4272 ab
1365 4206 1403 4272 iis
1424 4203 1528 4281 rebus,
1552 4224 1629 4288 quas
1652 4221 1762 4266 revera
1787 4222 1855 4264 esse
1879 4199 2021 4274 dicimus,

385 4311 428 4378 ita
449 4323 567 4402 turtum
589 4309 709 4387 differt,
740 4324 773 4378 ut
795 4331 859 4379 uon
881 4311 994 4376 veritas
1015 4309 1078 4386 rei,
1108 4307 1164 4374 sed
1193 4309 1226 4372 id
1249 4309 1334 4394 quod
1355 4319 1459 4394 potest
1480 4307 1627 4394 eogitari,
1649 4304 1840 4391 respiciatur.
1883 4301 2020 4368 Tertiam

386 4439 453 4485 esee
475 4415 632 4501 cogitandi
653 4414 814 4492 rationem,
836 4415 966 4482 minam
989 4435 1030 4482 ex
1051 4412 1173 4478 dranus
1195 4413 1264 4490 illis,
1288 4413 1419 4482 oouoedi
1440 4435 1503 4476 non
1526 4420 1637 4497 potent.
1682 4407 1793 4494 Itaque
1822 4405 2020 4472 statuendum

385 4519 456 4596 orit,
480 4519 564 4603 quud
587 4518 625 4584 B.
648 4519 730 4584 diuet
754 4507 819 4601 ,ale
840 4517 981 4585 wirlrlicb
1003 4528 1140 4594 semen-⁶,
1174 4529 1227 4581 aut
1257 4518 1334 4582 duas
1364 4518 1507 4582 notiones
1536 4515 1616 4582 inter
1645 4535 1680 4578 se
1701 4521 1911 4597 repugnantes
1933 4509 1966 4573 in
1989 4533 2021 4574 ae

385 4622 558 4698 continere,
588 4623 615 4688 ai
643 4623 773 4692 alterum
796 4623 982 4691 vocabulum
1006 4623 1066 4688 alio
1088 4645 1184 4688 sensu
1205 4632 1298 4706 atque
1320 4643 1358 4686 eo
1381 4621 1488 4706 quiin
1510 4619 1643 4705 simplici
1665 4615 1761 4682 verbo
1784 4616 1881 4694 inest,
1909 4614 2020 4680 intelli·
2117 4619 2125 4640 '

382 4727 519 4812 geudrmr
543 4727 600 4804 sit,
633 4739 685 4795 aut
707 4727 896 4812 pleonesb'ca
917 4727 1034 4794 dietum
1057 4749 1143 4804 ease,
1178 4747 1273 4810 quum
1306 4723 1382 4790 nibil
1405 4723 1531 4790 omnino
1554 4722 1683 4809 cogitari
1705 4721 1819 4808 possit,
1855 4719 1930 4804 quin
1953 4741 2020 4784 esse
