4508 5666
909 615 1132 684 ...5-

254 875 255 880 ,
357 819 382 901 ξ.
404 819 435 882 4.
480 815 644 904 Oriffl'ncm
666 815 776 880 henum
798 815 979 880 vocularum
1008 813 1168 902 explorate
1194 815 1350 902 cognitum
1373 813 1453 880 velle
1482 813 1597 907 hahere
1625 833 1687 877 non
1709 811 1841 876 multum

205 918 333 996 chotun,
367 919 442 1005 quin
470 919 666 984 tumentium
689 917 840 1004 judicem.
885 919 1046 986 Confiteor
1074 933 1194 998 temen,
1228 943 1266 985 ee
1294 941 1374 1006 quoe
1398 917 1432 986 S.
1456 918 1496 984 de
1524 918 1585 982 heo
1604 939 1639 982 re
1660 915 1840 1003 disputavit,

207 1045 280 1090 cum
299 1023 523 1112 significstione
544 1043 564 1088 s
583 1045 635 1090 me
655 1023 791 1088 indicate
810 1023 926 1112 optime
948 1025 1125 1090 convenire.
1168 1024 1340 1110 Aptissime
1362 1023 1444 1088 enim
1467 1021 1660 1088 condicionis
1671 1021 1842 1094 notionem,

206 1151 286 1214 quse
304 1129 339 1194 in
359 1129 510 1215 psrtioulc
530 1123 569 1197 ἄν
581 1129 679 1205 inest,
701 1150 739 1192 ex
752 1127 980 1215 significetione
999 1127 1237 1215 praepositionis
1256 1119 1317 1194 cisti
1338 1111 1523 1213 explicaviti
1554 1149 1618 1210 qno
1645 1125 1686 1190 de
1713 1145 1748 1188 re
1769 1123 1843 1188 vids

206 1231 281 1318 quid
302 1232 369 1319 ipse
391 1231 511 1296 dixerit.
556 1229 666 1295 Altera
693 1237 797 1294 sutem
825 1230 974 1316 porticulo
1007 1230 1083 1296 nihil
1104 1230 1234 1296 indicari
1254 1231 1390 1297 vidimus
1418 1232 1478 1296 nisi
1506 1231 1585 1296 dues
1606 1230 1773 1296 sententies
1802 1228 1843 1294 eb

207 1358 245 1402 eo
273 1336 326 1422 qui
348 1335 485 1422 loquitur
506 1334 670 1420 conjungi,
703 1355 766 1399 non
799 1333 892 1400 etism
923 1334 995 1400 eddi
1025 1356 1089 1419 qus
1109 1335 1229 1400 rodone
1249 1334 1330 1400 inter
1351 1357 1385 1400 se
1407 1334 1608 1410 cohaereant,
1639 1353 1720 1415 quse
1748 1331 1844 1418 signi·

206 1443 308 1508 ficatio
330 1441 475 1514 facillime
497 1461 515 1504 e
537 1438 736 1524 conjunctive
758 1439 788 1502 ri
810 1439 1036 1523 conjunctionis
1058 1439 1112 1508 sol
1132 1440 1206 1504 oriri
1226 1450 1357 1526 poteret

361 1543 511 1630 Singulos
533 1564 617 1608 nunc
639 1541 727 1608 verbi
747 1542 859 1608 modos
881 1542 1028 1628 deinceps
1050 1555 1270 1628 persecuturum
1290 1543 1425 1630 primum
1448 1542 1487 1607 de
1509 1542 1648 1627 optativo
1670 1540 1780 1606 dicun.

776 1714 828 1781 De
850 1716 988 1802 optativo
1011 1735 1083 1781 cum
1104 1707 1142 1781 tv
1165 1723 1196 1777 et
1217 1713 1275 1782 sir.

361 1857 384 1938 ς.
409 1853 438 1920 5.
485 1851 634 1938 Optstivo
657 1873 695 1918 so
715 1853 934 1932 enuncientur,
963 1875 1044 1938 quoe
1072 1873 1142 1918 esse
1163 1851 1290 1920 arbitrio
1312 1861 1418 1918 nostro
1451 1850 1635 1938 cogitamus.
1680 1849 1850 1932 Quaeritur

207 1969 346 2050 sutem„
365 1979 440 2024 num
473 1955 549 2042 quid
581 1963 704 2039 praeter
736 1977 773 2020 es
805 1977 886 2040 quoe
918 1957 1062 2022 volumus
1095 1967 1149 2022 sot
1180 1966 1325 2042 optemus
1357 1955 1418 2020 hoc
1450 1954 1545 2020 modo
1577 1953 1707 2039 cogitari
1739 1953 1847 2039 possit.

209 2059 423 2146 Quaecunque
445 2059 527 2124 euim
550 2058 685 2144 cogitato
711 2079 775 2122 non
804 2079 843 2122 ex
865 2059 961 2124 snhni
988 2058 1152 2124 effectione
1179 2069 1248 2124 orto
1276 2057 1317 2122 sd
1346 2043 1448 2122 solum
1469 2057 1660 2124 intellectum
1682 2056 1848 2142 pertinent,

208 2187 279 2230 cum
301 2163 448 2252 opinione
469 2162 604 2247 quadum
627 2163 793 2247 conjuncte
814 2173 894 2227 sunt.
938 2161 1050 2248 Itaque
1071 2163 1200 2253 ποιοίης
1222 2163 1277 2248 qui
1298 2162 1389 2240 dicit,
1410 2183 1474 2226 non
1497 2161 1599 2228 solum
1614 2161 1703 2248 fingit
1718 2160 1847 2246 aliquid,

208 2269 292 2354 quod
314 2268 368 2334 fiot
388 2289 447 2332 nee
468 2288 508 2332 ne
529 2265 606 2332 nihil
628 2265 757 2342 reseret,
787 2266 843 2332 sed
872 2265 1002 2330 alterum
1023 2265 1178 2334 incurram
1200 2287 1269 2332 esse
1290 2265 1444 2351 opinatur.
1489 2264 1582 2330 Petet.
1602 2277 1724 2340 nutem,
1759 2263 1846 2350 cogi·

208 2370 355 2436 tationem
376 2371 503 2456 quidem
525 2392 566 2435 ex
587 2368 714 2434 arbitrio
736 2378 843 2434 nostro
865 2368 939 2434 osiri
959 2390 1070 2454 posse,
1104 2370 1282 2455 opinionem
1304 2392 1367 2435 non
1388 2389 1497 2456 posse,
1513 2355 1584 2434 ‘sed
1605 2370 1699 2454 hujus
1722 2389 1847 2434 oensem

208 2475 344 2560 dliqunm
366 2495 435 2540 esse
456 2483 611 2560 oportere.
655 2470 741 2536 Molo
764 2471 859 2558 igitur
881 2471 1101 2551 Bseumleinus
1123 2496 1154 2562 p.
1178 2476 1256 2540 289:
1303 2473 1390 2552 „Der
1410 2473 1496 2538 reine
1512 2471 1644 2559 Optativ
1666 2472 1848 2538 bezeichnct

209 2577 279 2656 ,die
300 2576 472 2665 subjective
495 2575 652 2662 Setzung,
686 2574 821 2653 welche,
851 2575 895 2640 cls
917 2575 975 2640 suf
992 2575 1048 2640 der
1069 2575 1207 2642 Willkiir
1229 2575 1285 2642 des
1307 2576 1460 2642 Denkens
1484 2577 1662 2654 beruhend,
1696 2576 1776 2642 iiber
1797 2575 1849 2642 die
1903 2595 1906 2602 ’

210 2681 339 2768 „sigone
360 2679 515 2768 Meinung
536 2679 692 2744 durcheus
706 2678 814 2756 ,nichts
836 2689 980 2766 sussegt‚
1009 2678 1066 2744 der
1088 2677 1219 2765 Optstiv
1240 2679 1295 2744 mit
1318 2672 1358 2745 ἄν
1380 2677 1461 2764 (κέν)
1489 2679 1673 2745 bezeichnet
1696 2681 1752 2744 dos
1775 2679 1849 2744 sub·

210 2784 339 2870 ..jectivc
362 2781 504 2862 Urtheil,
538 2783 671 2850 welches
701 2782 751 2846 die
782 2781 892 2868 eigens
913 2781 1049 2848 Ansicht
1079 2781 1254 2868 nusspricht
1284 2785 1362 2846 eto.“
1409 2780 1505 2864 Quod
1535 2781 1574 2848 de
1603 2784 1689 2849 nudo
1711 2783 1850 2869 optativo

208 2889 298 2967 dicit,
322 2911 430 2954 verum
453 2900 551 2966 esset,
580 2887 606 2951 si
636 2887 676 2952 de
704 2907 764 2950 usu
791 2885 884 2970 hujus
911 2885 997 2950 modi
1025 2885 1058 2950 in
1087 2886 1228 2952 membro
1251 2884 1456 2951 condicionali
1479 2888 1633 2952 enuncisti
1656 2886 1848 2973 hypothetici

209 3006 289 3059 esset
311 2992 562 3080 intelligendum
584 2991 645 3056 hoc
667 2991 767 3066 enim,
798 3012 895 3074 quum
917 3012 980 3055 non
1001 2992 1126 3077 plenem
1149 2991 1349 3068 sententiam,
1383 2991 1438 3055 sed
1470 3003 1590 3078 partem
1624 3005 1743 3057 tuntum
1777 3013 1848 3056 sen·

208 3099 320 3164 tentiae
342 3095 472 3176 efficiet,
495 3095 738 3164 concedendum·
753 3105 816 3172 est,
839 3117 903 3160 non
924 3095 1027 3182 ipsum
1047 3117 1105 3182 per
1126 3117 1178 3174 se,
1208 3095 1265 3160 sed
1285 3115 1348 3158 uno
1370 3115 1442 3158 cum
1463 3095 1611 3181 primerio
1633 3095 1776 3160 membro
1798 3095 1848 3158 cui

207 3203 380 3287 subjectum
403 3213 450 3267 est
470 3201 625 3285 loquentis
647 3199 824 3286 opinionem
846 3199 1034 3286 exprimere3
1064 3221 1158 3278 nunc,
1187 3221 1284 3284 quum
1306 3197 1347 3262 de
1368 3199 1513 3266 omnibus
1535 3199 1707 3266 enuncietis
1732 3199 1849 3264 dictum

207 3308 263 3386 sit,
296 3307 495 3372 falsissimum
518 3317 579 3384 est3
612 3307 656 3370 its
676 3306 759 3370 enim
781 3307 919 3393 cogitare
939 3305 1007 3372 ficri
1029 3306 1164 3391 nliqnid,
1198 3316 1232 3372 ut
1261 3327 1364 3390 nsque
1392 3305 1459 3372 lieri
1489 3325 1617 3368 censeas
1648 3324 1751 3388 neque
1785 3323 1848 3366 non

206 3412 289 3490 lieri,
323 3411 398 3476 nihil
433 3421 480 3476 est
511 3410 570 3474 nisi
604 3409 785 3474 halucinnri.
830 3408 932 3473 Immo
962 3409 1065 3474 nudus
1086 3410 1243 3496 optativus
1265 3410 1348 3476 idem
1371 3409 1538 3498 significem
1573 3407 1659 3492 quod
1681 3407 1719 3472 B.
1743 3405 1849 3472 sddits

206 3515 357 3602 porticulo
389 3514 556 3602 significari
589 3513 674 3578 dicit.
731 3513 916 3579 Tenendum
950 3511 1034 3576 enim
1066 3523 1129 3590 est,
1168 3522 1204 3579 ut
1243 3513 1317 3578 illuc
1349 3513 1494 3591 redeam,
1534 3512 1574 3577 de
1605 3511 1711 3576 multis
1742 3510 1847 3587 rebus,

206 3639 287 3703 quse
309 3641 382 3683 num
404 3618 481 3682 fiant
501 3616 691 3692 nesciemus,
724 3613 800 3679 illud
832 3625 933 3680 tomen
968 3614 1052 3680 unde
1086 3615 1147 3680 hoc
1178 3615 1314 3702 pendent
1341 3637 1399 3682 nos
1421 3616 1615 3704 cognovisse.
1660 3613 1733 3679 Hoc
1753 3613 1849 3700 igitur

207 3719 402 3786 cohaerentia
422 3727 602 3806 perspecto,
635 3717 702 3782 fieri
731 3717 858 3802 quidem
887 3739 940 3782 ess
972 3718 1109 3804 cogites-e
1141 3740 1324 3804 possumus,
1359 3720 1501 3807 cogimur
1533 3729 1636 3783 nutem
1666 3719 1849 3802 conjunctos

207 3847 277 3890 cum
299 3823 360 3888 elie
381 3823 533 3888 sententie
554 3821 701 3910 cogitare.
747 3819 912 3908 Sequitur,
945 3813 1064 3886 nullum
1097 3822 1250 3908 ejusmodi
1283 3823 1451 3910 cogitatum
1485 3823 1552 3888 sine
1574 3821 1758 3888 condicione
1780 3843 1849 3888 esse

207 3949 307 4016 posse.
755 3989 761 3994 .

362 4033 386 4114 ξ.
410 4031 449 4093 6.·
486 4029 638 4095 Condicio
661 4038 765 4092 sutem
786 4049 850 4094 non
872 4049 995 4116 semper
1016 4029 1139 4106 addite,
1162 4029 1218 4094 sed
1241 4029 1421 4116 saepissime
1442 4030 1559 4096 omisso
1580 4041 1644 4108 est;
1679 4029 1765 4114 quod
1793 4029 1848 4095 ubi

206 4137 257 4213 fit,
290 4133 381 4199 facile
414 4132 543 4220 intelligi
574 4142 686 4219 potest.
730 4130 802 4196 Non
831 4131 901 4197 dico
931 4132 971 4198 de
1000 4133 1037 4198 iis
1059 4131 1153 4212 locis,
1189 4133 1221 4197 in
1242 4132 1358 4218 quibus
1381 4155 1398 4200 e
1421 4144 1486 4198 tots
1508 4133 1660 4198 sententis
1683 4133 1783 4218 qualis
1798 4132 1848 4210 sit,

206 4239 400 4326 perspicitur.
446 4235 542 4300 Haud
562 4259 633 4301 rsro
655 4237 737 4300 euim
760 4235 888 4314 eccidit,
917 4247 952 4300 ut
983 4249 1149 4324 propterea
1171 4235 1294 4322 aliquid
1324 4237 1390 4302 lieri
1412 4259 1505 4324 posse
1528 4259 1726 4315 censeamus,
1761 4235 1847 4322 quod

206 4342 281 4408 nihil
304 4363 372 4407 esse
396 4339 553 4417 videmus,
576 4362 632 4406 cur
653 4361 715 4404 non
738 4341 838 4426 possit
858 4341 942 4418 fieri,
965 4342 1022 4407 etsi
1045 4341 1260 4408 condicionem
1283 4339 1371 4407 unde
1387 4339 1522 4427 pendent
1544 4361 1606 4404 non
1629 4333 1846 4426 cognovimus.

206 4445 287 4512 Nom
309 4465 412 4529 neque
435 4465 544 4508 causas
566 4444 704 4508 omnium
726 4465 830 4510 rerum
853 4445 993 4532 cognitas
1015 4445 1168 4510 hebemus
1191 4457 1222 4510 et
1244 4468 1319 4512 vero
1341 4445 1439 4508 mults
1460 4445 1491 4508 in
1506 4442 1664 4529 plerisque
1679 4441 1846 4525 quominus

207 4551 282 4614 finnt
303 4549 426 4641 obstare
447 4569 539 4636 posse
562 4547 686 4612 scimus.
733 4545 882 4633 Sequitur
903 4549 981 4614 hoec
1008 4549 1075 4614 ficri
1103 4571 1169 4613 non
1198 4548 1286 4613 aliter
1313 4565 1406 4634 posse
1428 4547 1574 4633 cogitari,
1609 4567 1703 4630 quom
1726 4546 1751 4608 si
1774 4565 1846 4609 cum

207 4653 245 4718 iis
266 4651 349 4717 unde
371 4651 544 4738 pendeant,
578 4671 783 4735 quoscunque
816 4649 869 4718 iiio
901 4653 976 4730 sint,
1009 4653 1206 4717 convenient
1251 4651 1338 4734 Quid
1367 4651 1428 4717 hcc
1458 4649 1542 4718 eliud
1564 4659 1628 4725 est,
1663 4669 1756 4732 quom
1779 4647 1844 4710 fieri

206 4778 244 4822 ee
265 4756 401 4843 cogitare
422 4755 550 4842 implete
571 4753 774 4821 condicione?
818 4755 927 4841 [teque
949 4755 1080 4845 ποιοίης
1101 4767 1165 4820 est:
1187 4755 1300 4832 hcine,
1323 4755 1349 4820 si
1372 4755 1467 4832 velis,
1489 4755 1515 4819 si
1538 4773 1589 4818 res
1609 4753 1652 4818 its
1668 4751 1795 4836 jubent,
1819 4750 1844 4814 si
