<?xml version="1.0" encoding="UTF-8"?>
<!DOCTYPE html PUBLIC "-//W3C//DTD XHTML 1.0 Transitional//EN"
    "http://www.w3.org/TR/xhtml1/DTD/xhtml1-transitional.dtd">
<html xmlns="http://www.w3.org/1999/xhtml" xml:lang="en" lang="en">
 <head>
  <title>
</title>
<meta http-equiv="Content-Type" content="text/html;charset=utf-8" />
  <meta name='ocr-system' content='tesseract 3.04.00' />
  <meta name='ocr-capabilities' content='ocr_page ocr_carea ocr_par ocr_line ocrx_word'/>
</head>
<body>
  <div class='ocr_page' id='page_1' title='image "./deusuparticular00cassgoog_0020.png"; bbox 0 0 4508 5666; ppageno 0'>
   <div class='ocr_carea' id='block_1_1' title="bbox 911 631 1159 700">
    <p class='ocr_par' dir='ltr' id='par_1_1' title="bbox 911 631 1159 700">
     <span class='ocr_line' id='line_1_1' title="bbox 911 631 1159 700; baseline 0 -20"><span class='ocrx_word' id='word_1_1' title='bbox 911 631 1159 700; x_wconf 52' lang='lat'>„15-</span> 
     </span>
    </p>
   </div>
   <div class='ocr_carea' id='block_1_2' title="bbox 159 825 1920 3808">
    <p class='ocr_par' dir='ltr' id='par_1_2' title="bbox 209 825 1849 1006">
     <span class='ocr_line' id='line_1_2' title="bbox 367 825 1849 915; baseline 0.003 -23"><span class='ocrx_word' id='word_1_2' title='bbox 367 827 462 892; x_wconf 83' lang='lat' dir='ltr'>Vetat</span> <span class='ocrx_word' id='word_1_3' title='bbox 472 825 607 912; x_wconf 83' lang='lat' dir='ltr'>Jupiter,</span> <span class='ocrx_word' id='word_1_4' title='bbox 629 825 758 891; x_wconf 89' lang='lat' dir='ltr'>Helium</span> <span class='ocrx_word' id='word_1_5' title='bbox 781 825 824 905; x_wconf 86' lang='lat' dir='ltr'>id,</span> <span class='ocrx_word' id='word_1_6' title='bbox 847 829 933 914; x_wconf 79' lang='lat' dir='ltr'>quod</span> <span class='ocrx_word' id='word_1_7' title='bbox 955 829 1098 907; x_wconf 84' lang='lat' dir='ltr'>minetur,</span> <span class='ocrx_word' id='word_1_8' title='bbox 1120 829 1233 909; x_wconf 79' lang='lat' dir='ltr'>facere,</span> <span class='ocrx_word' id='word_1_9' title='bbox 1257 829 1478 913; x_wconf 74' lang='lat' dir='ltr'>semetipsum</span> <span class='ocrx_word' id='word_1_10' title='bbox 1500 829 1582 896; x_wconf 88' lang='lat' dir='ltr'>enim</span> <span class='ocrx_word' id='word_1_11' title='bbox 1605 829 1849 915; x_wconf 83' lang='lat' dir='ltr'>iujuriaaeiilla·</span> 
     </span>
     <span class='ocr_line' id='line_1_3' title="bbox 209 937 520 1006; baseline -0.023 0"><span class='ocrx_word' id='word_1_12' title='bbox 209 947 261 1006; x_wconf 77' lang='lat' dir='ltr'>tu·</span> <span class='ocrx_word' id='word_1_13' title='bbox 281 937 419 1002; x_wconf 82' lang='lat' dir='ltr'>ulturum</span> <span class='ocrx_word' id='word_1_14' title='bbox 441 955 520 1000; x_wconf 75' lang='lat' dir='ltr'>ease.</span> 
     </span>
    </p>

    <p class='ocr_par' dir='ltr' id='par_1_3' title="bbox 361 1035 606 1103">
     <span class='ocr_line' id='line_1_4' title="bbox 361 1035 606 1103; baseline -0.012 0"><span class='ocrx_word' id='word_1_15' title='bbox 361 1038 400 1103; x_wconf 88' lang='lat' dir='ltr'>Il.</span> <span class='ocrx_word' id='word_1_16' title='bbox 422 1035 504 1102; x_wconf 87' lang='lat' dir='ltr'>XII.</span> <span class='ocrx_word' id='word_1_17' title='bbox 527 1037 606 1101; x_wconf 77' lang='lat'>445:</span> 
     </span>
    </p>

    <p class='ocr_par' dir='ltr' id='par_1_4' title="bbox 502 1132 1412 1538">
     <span class='ocr_line' id='line_1_5' title="bbox 502 1132 1367 1230; baseline 0.002 -24"><span class='ocrx_word' id='word_1_18' title='bbox 502 1133 622 1226; x_wconf 74' lang='grc' dir='ltr'><strong><em>Ἕκτωρ</em></strong></span> <span class='ocrx_word' id='word_1_19' title='bbox 644 1136 678 1208; x_wconf 76' lang='grc' dir='ltr'>δ’</span> <span class='ocrx_word' id='word_1_20' title='bbox 702 1133 853 1230; x_wconf 75' lang='grc' dir='ltr'><strong><em>άρπάξας</em></strong></span> <span class='ocrx_word' id='word_1_21' title='bbox 874 1141 956 1207; x_wconf 85' lang='grc' dir='ltr'><strong><em>λάαν</em></strong></span> <span class='ocrx_word' id='word_1_22' title='bbox 978 1139 1085 1229; x_wconf 76' lang='grc' dir='ltr'><strong><em>φόρει,</em></strong></span> <span class='ocrx_word' id='word_1_23' title='bbox 1110 1132 1147 1216; x_wconf 73' lang='lat' dir='ltr'>iic</span> <span class='ocrx_word' id='word_1_24' title='bbox 1168 1141 1211 1227; x_wconf 78' lang='grc' dir='ltr'>ῥα</span> <span class='ocrx_word' id='word_1_25' title='bbox 1232 1133 1367 1208; x_wconf 84' lang='grc' dir='ltr'><strong><em>πυλάων</em></strong></span> 
     </span>
     <span class='ocr_line' id='line_1_6' title="bbox 516 1237 1412 1332; baseline -0.001 -21"><span class='ocrx_word' id='word_1_26' title='bbox 516 1239 645 1332; x_wconf 73' lang='grc' dir='ltr'><strong><em>ἑστήκει</em></strong></span> <span class='ocrx_word' id='word_1_27' title='bbox 666 1239 807 1330; x_wconf 85' lang='grc' dir='ltr'><strong><em>πρόσθε,</em></strong></span> <span class='ocrx_word' id='word_1_28' title='bbox 830 1237 978 1331; x_wconf 65' lang='grc' dir='ltr'><strong><em>πρυμνόν</em></strong></span> <span class='ocrx_word' id='word_1_29' title='bbox 999 1238 1116 1324; x_wconf 69' lang='lat' dir='ltr'>noxie,</span> <span class='ocrx_word' id='word_1_30' title='bbox 1139 1238 1244 1330; x_wconf 85' lang='grc' dir='ltr'><strong><em>αότάρ</em></strong></span> <span class='ocrx_word' id='word_1_31' title='bbox 1265 1237 1412 1330; x_wconf 81' lang='grc' dir='ltr'><strong><em>ὕπερθεν</em></strong></span> 
     </span>
     <span class='ocr_line' id='line_1_7' title="bbox 514 1338 1399 1435; baseline -0.002 -22"><span class='ocrx_word' id='word_1_32' title='bbox 514 1339 594 1430; x_wconf 63' lang='lat' dir='ltr'>deor</span> <span class='ocrx_word' id='word_1_33' title='bbox 616 1341 685 1434; x_wconf 76' lang='grc' dir='ltr'><strong><em>ἔην·</em></strong></span> <span class='ocrx_word' id='word_1_34' title='bbox 708 1341 762 1414; x_wconf 87' lang='grc' dir='ltr'><strong><em>τόν</em></strong></span> <span class='ocrx_word' id='word_1_35' title='bbox 783 1338 821 1412; x_wconf 84' lang='grc' dir='ltr'>δ’</span> <span class='ocrx_word' id='word_1_36' title='bbox 842 1340 884 1413; x_wconf 85' lang='grc' dir='ltr'>οό</span> <span class='ocrx_word' id='word_1_37' title='bbox 904 1369 941 1412; x_wconf 85' lang='grc' dir='ltr'>κε</span> <span class='ocrx_word' id='word_1_38' title='bbox 963 1338 1013 1412; x_wconf 84' lang='grc' dir='ltr'>δυ’</span> <span class='ocrx_word' id='word_1_39' title='bbox 1034 1341 1126 1435; x_wconf 81' lang='grc' dir='ltr'><strong><em>άνόρε</em></strong></span> <span class='ocrx_word' id='word_1_40' title='bbox 1147 1340 1253 1434; x_wconf 84' lang='grc' dir='ltr'><strong><em>δήμου</em></strong></span> <span class='ocrx_word' id='word_1_41' title='bbox 1275 1341 1399 1434; x_wconf 83' lang='grc' dir='ltr'><strong><em>άρλσιω</em></strong></span> 
     </span>
     <span class='ocr_line' id='line_1_8' title="bbox 516 1441 1308 1538; baseline 0.003 -22"><span class='ocrx_word' id='word_1_42' title='bbox 516 1449 652 1538; x_wconf 75' lang='grc' dir='ltr'><strong><em>ρηῖόλισς</em></strong></span> <span class='ocrx_word' id='word_1_43' title='bbox 675 1445 723 1515; x_wconf 80' lang='grc' dir='ltr'>ἐπ’</span> <span class='ocrx_word' id='word_1_44' title='bbox 748 1444 875 1532; x_wconf 80' lang='grc' dir='ltr'><strong><em>άμαξαν</em></strong></span> <span class='ocrx_word' id='word_1_45' title='bbox 896 1442 955 1516; x_wconf 79' lang='grc' dir='ltr'><strong><em>ἅττ’</em></strong></span> <span class='ocrx_word' id='word_1_46' title='bbox 975 1441 1093 1522; x_wconf 71' lang='grc' dir='ltr'><strong><em>οὕόεοε</em></strong></span> <span class='ocrx_word' id='word_1_47' title='bbox 1115 1443 1308 1530; x_wconf 75' lang='grc' dir='ltr'><strong><em>ὀχλίσσειαν.</em></strong></span> 
     </span>
    </p>

    <p class='ocr_par' dir='ltr' id='par_1_5' title="bbox 207 1544 1849 1846">
     <span class='ocr_line' id='line_1_9' title="bbox 367 1544 1849 1640; baseline 0.003 -24"><span class='ocrx_word' id='word_1_48' title='bbox 367 1551 442 1618; x_wconf 88' lang='lat' dir='ltr'>Hoo</span> <span class='ocrx_word' id='word_1_49' title='bbox 464 1553 550 1638; x_wconf 87' lang='lat' dir='ltr'>quod</span> <span class='ocrx_word' id='word_1_50' title='bbox 573 1553 665 1617; x_wconf 83' lang='lat' dir='ltr'>dicit:</span> <span class='ocrx_word' id='word_1_51' title='bbox 689 1547 731 1620; x_wconf 84' lang='grc' dir='ltr'>σό</span> <span class='ocrx_word' id='word_1_52' title='bbox 753 1576 788 1620; x_wconf 86' lang='grc' dir='ltr'>κε</span> <span class='ocrx_word' id='word_1_53' title='bbox 810 1544 861 1619; x_wconf 80' lang='grc' dir='ltr'>δυ’</span> <span class='ocrx_word' id='word_1_54' title='bbox 880 1545 972 1640; x_wconf 80' lang='grc' dir='ltr'><strong><em>άνόρε</em></strong></span> <span class='ocrx_word' id='word_1_55' title='bbox 993 1546 1180 1636; x_wconf 79' lang='grc' dir='ltr'><strong><em>όχλλσσειαν</em></strong></span> <span class='ocrx_word' id='word_1_56' title='bbox 1201 1573 1273 1617; x_wconf 91' lang='lat' dir='ltr'>oum</span> <span class='ocrx_word' id='word_1_57' title='bbox 1295 1552 1379 1617; x_wconf 92' lang='lat' dir='ltr'>nullo</span> <span class='ocrx_word' id='word_1_58' title='bbox 1402 1553 1527 1636; x_wconf 90' lang='lat' dir='ltr'>quidem</span> <span class='ocrx_word' id='word_1_59' title='bbox 1551 1575 1656 1618; x_wconf 88' lang='lat' dir='ltr'>eorum</span> <span class='ocrx_word' id='word_1_60' title='bbox 1672 1566 1849 1639; x_wconf 79' lang='lat' dir='ltr'>quaeante-</span> 
     </span>
     <span class='ocr_line' id='line_1_10' title="bbox 207 1654 1847 1741; baseline 0.002 -22"><span class='ocrx_word' id='word_1_61' title='bbox 207 1654 324 1720; x_wconf 74' lang='lat' dir='ltr'>aedunt</span> <span class='ocrx_word' id='word_1_62' title='bbox 346 1655 503 1720; x_wconf 91' lang='lat' dir='ltr'>vooubulo</span> <span class='ocrx_word' id='word_1_63' title='bbox 525 1655 639 1718; x_wconf 81' lang='lat' dir='ltr'>aretino</span> <span class='ocrx_word' id='word_1_64' title='bbox 662 1655 823 1732; x_wconf 83' lang='lat' dir='ltr'>cohaerat;</span> <span class='ocrx_word' id='word_1_65' title='bbox 857 1656 913 1720; x_wconf 81' lang='lat' dir='ltr'>sed</span> <span class='ocrx_word' id='word_1_66' title='bbox 934 1665 1055 1741; x_wconf 82' lang='lat' dir='ltr'>poetae,</span> <span class='ocrx_word' id='word_1_67' title='bbox 1079 1655 1136 1720; x_wconf 77' lang='lat' dir='ltr'>etei</span> <span class='ocrx_word' id='word_1_68' title='bbox 1158 1676 1231 1732; x_wconf 90' lang='lat' dir='ltr'>non,</span> <span class='ocrx_word' id='word_1_69' title='bbox 1254 1665 1288 1718; x_wconf 92' lang='lat' dir='ltr'>ut</span> <span class='ocrx_word' id='word_1_70' title='bbox 1309 1655 1376 1719; x_wconf 84' lang='lat' dir='ltr'>aliia</span> <span class='ocrx_word' id='word_1_71' title='bbox 1397 1655 1484 1732; x_wconf 84' lang='lat' dir='ltr'>loeis,</span> <span class='ocrx_word' id='word_1_72' title='bbox 1508 1654 1612 1722; x_wconf 80' lang='lat' dir='ltr'>verbis</span> <span class='ocrx_word' id='word_1_73' title='bbox 1627 1656 1660 1721; x_wconf 90' lang='lat' dir='ltr'>id</span> <span class='ocrx_word' id='word_1_74' title='bbox 1672 1657 1847 1736; x_wconf 79' lang='lat' dir='ltr'>declaravit,</span> 
     </span>
     <span class='ocr_line' id='line_1_11' title="bbox 207 1747 1741 1846; baseline 0.003 -24"><span class='ocrx_word' id='word_1_75' title='bbox 207 1757 318 1846; x_wconf 78' lang='lat' dir='ltr'>ingene</span> <span class='ocrx_word' id='word_1_76' title='bbox 340 1757 419 1844; x_wconf 74' lang='lat' dir='ltr'>lapis</span> <span class='ocrx_word' id='word_1_77' title='bbox 441 1769 512 1822; x_wconf 87' lang='lat' dir='ltr'>ante</span> <span class='ocrx_word' id='word_1_78' title='bbox 535 1758 643 1822; x_wconf 82' lang='lat' dir='ltr'>oeulos</span> <span class='ocrx_word' id='word_1_79' title='bbox 662 1747 815 1836; x_wconf 57' lang='lat' dir='ltr'>&#39;vomatur</span> <span class='ocrx_word' id='word_1_80' title='bbox 841 1758 949 1842; x_wconf 74' lang='lat' dir='ltr'>quales</span> <span class='ocrx_word' id='word_1_81' title='bbox 971 1779 1039 1822; x_wconf 79' lang='lat' dir='ltr'>esee</span> <span class='ocrx_word' id='word_1_82' title='bbox 1061 1757 1213 1835; x_wconf 77' lang='lat' dir='ltr'>solebant,</span> <span class='ocrx_word' id='word_1_83' title='bbox 1236 1757 1290 1842; x_wconf 91' lang='lat' dir='ltr'>qui</span> <span class='ocrx_word' id='word_1_84' title='bbox 1311 1756 1351 1822; x_wconf 91' lang='lat' dir='ltr'>ab</span> <span class='ocrx_word' id='word_1_85' title='bbox 1373 1758 1520 1823; x_wconf 78' lang='lat' dir='ltr'>heroibus</span> <span class='ocrx_word' id='word_1_86' title='bbox 1537 1760 1741 1844; x_wconf 79' lang='lat' dir='ltr'>jaciebantur.</span> 
     </span>
    </p>

    <p class='ocr_par' dir='ltr' id='par_1_6' title="bbox 159 1861 1920 2570">
     <span class='ocr_line' id='line_1_12' title="bbox 362 1861 1847 1950; baseline 0.003 -24"><span class='ocrx_word' id='word_1_87' title='bbox 362 1866 386 1946; x_wconf 65' lang='grc' dir='ltr'>ξ.</span> <span class='ocrx_word' id='word_1_88' title='bbox 412 1863 461 1928; x_wconf 82' lang='grc'>13.</span> <span class='ocrx_word' id='word_1_89' title='bbox 506 1861 703 1949; x_wconf 80' lang='lat' dir='ltr'>Exemplaa</span> <span class='ocrx_word' id='word_1_90' title='bbox 736 1887 785 1928; x_wconf 87' lang='lat' dir='ltr'>me</span> <span class='ocrx_word' id='word_1_91' title='bbox 806 1865 909 1950; x_wconf 84' lang='lat' dir='ltr'>posita</span> <span class='ocrx_word' id='word_1_92' title='bbox 929 1863 971 1940; x_wconf 90' lang='lat' dir='ltr'>id,</span> <span class='ocrx_word' id='word_1_93' title='bbox 1000 1862 1085 1948; x_wconf 90' lang='lat' dir='ltr'>quod</span> <span class='ocrx_word' id='word_1_94' title='bbox 1107 1885 1202 1950; x_wconf 78' lang='lat' dir='ltr'>supra</span> <span class='ocrx_word' id='word_1_95' title='bbox 1223 1862 1324 1938; x_wconf 85' lang='lat' dir='ltr'>docui,</span> <span class='ocrx_word' id='word_1_96' title='bbox 1348 1861 1547 1940; x_wconf 81' lang='lat' dir='ltr'>confirmant,</span> <span class='ocrx_word' id='word_1_97' title='bbox 1580 1884 1642 1927; x_wconf 90' lang='lat' dir='ltr'>non</span> <span class='ocrx_word' id='word_1_98' title='bbox 1665 1885 1732 1930; x_wconf 77' lang='lat' dir='ltr'>esee</span> <span class='ocrx_word' id='word_1_99' title='bbox 1754 1887 1847 1930; x_wconf 82' lang='lat' dir='ltr'>unam</span> 
     </span>
     <span class='ocr_line' id='line_1_13' title="bbox 208 1965 1849 2054; baseline 0.001 -21"><span class='ocrx_word' id='word_1_100' title='bbox 208 1987 332 2052; x_wconf 74' lang='lat' dir='ltr'>semper</span> <span class='ocrx_word' id='word_1_101' title='bbox 351 1967 544 2051; x_wconf 88' lang='lat' dir='ltr'>eandemque</span> <span class='ocrx_word' id='word_1_102' title='bbox 557 1968 719 2044; x_wconf 71' lang='lat' dir='ltr'>rationem,</span> <span class='ocrx_word' id='word_1_103' title='bbox 743 1989 807 2052; x_wconf 90' lang='lat' dir='ltr'>qua</span> <span class='ocrx_word' id='word_1_104' title='bbox 828 1967 997 2032; x_wconf 77' lang='lat' dir='ltr'>sententiae</span> <span class='ocrx_word' id='word_1_105' title='bbox 1019 1967 1078 2031; x_wconf 82' lang='lat' dir='ltr'>hae</span> <span class='ocrx_word' id='word_1_106' title='bbox 1100 1967 1498 2053; x_wconf 83' lang='lat' dir='ltr'>particulaoonjungantur.</span> <span class='ocrx_word' id='word_1_107' title='bbox 1529 1965 1645 2033; x_wconf 88' lang='lat' dir='ltr'>Omnia</span> <span class='ocrx_word' id='word_1_108' title='bbox 1656 1970 1722 2052; x_wconf 79' lang='lat' dir='ltr'>ejus</span> <span class='ocrx_word' id='word_1_109' title='bbox 1733 1991 1849 2054; x_wconf 83' lang='lat' dir='ltr'>genera</span> 
     </span>
     <span class='ocr_line' id='line_1_14' title="bbox 159 2059 1849 2160; baseline 0.003 -26"><span class='ocrx_word' id='word_1_110' title='bbox 159 2059 166 2068; x_wconf 51' lang='lat'>⁸</span> <span class='ocrx_word' id='word_1_111' title='bbox 208 2069 386 2158; x_wconf 72' lang='lat' dir='ltr'>singillatim</span> <span class='ocrx_word' id='word_1_112' title='bbox 409 2093 601 2148; x_wconf 88' lang='lat' dir='ltr'>enumerare,</span> <span class='ocrx_word' id='word_1_113' title='bbox 624 2082 659 2134; x_wconf 84' lang='lat' dir='ltr'>ut</span> <span class='ocrx_word' id='word_1_114' title='bbox 679 2064 808 2156; x_wconf 58' lang='lat' dir='ltr'>longum</span> <span class='ocrx_word' id='word_1_115' title='bbox 831 2093 867 2134; x_wconf 87' lang='lat' dir='ltr'>ao</span> <span class='ocrx_word' id='word_1_116' title='bbox 890 2069 1016 2135; x_wconf 80' lang='lat' dir='ltr'>difficile</span> <span class='ocrx_word' id='word_1_117' title='bbox 1038 2080 1165 2156; x_wconf 85' lang='lat' dir='ltr'>propter</span> <span class='ocrx_word' id='word_1_118' title='bbox 1189 2069 1304 2135; x_wconf 85' lang='lat' dir='ltr'>variam</span> <span class='ocrx_word' id='word_1_119' title='bbox 1318 2070 1445 2134; x_wconf 86' lang='lat' dir='ltr'>voculae</span> <span class='ocrx_word' id='word_1_120' title='bbox 1460 2085 1610 2148; x_wconf 84' lang='lat' dir='ltr'>naturam,</span> <span class='ocrx_word' id='word_1_121' title='bbox 1632 2071 1676 2135; x_wconf 84' lang='lat' dir='ltr'>ita</span> <span class='ocrx_word' id='word_1_122' title='bbox 1685 2094 1724 2138; x_wconf 91' lang='lat' dir='ltr'>ne</span> <span class='ocrx_word' id='word_1_123' title='bbox 1736 2094 1849 2160; x_wconf 88' lang='lat' dir='ltr'>operae</span> 
     </span>
     <span class='ocr_line' id='line_1_15' title="bbox 208 2157 1920 2260; baseline 0.002 -22"><span class='ocrx_word' id='word_1_124' title='bbox 208 2173 336 2260; x_wconf 89' lang='lat' dir='ltr'>quidem</span> <span class='ocrx_word' id='word_1_125' title='bbox 356 2174 491 2260; x_wconf 87' lang='lat' dir='ltr'>pretium</span> <span class='ocrx_word' id='word_1_126' title='bbox 512 2183 568 2240; x_wconf 87' lang='lat' dir='ltr'>eet.</span> <span class='ocrx_word' id='word_1_127' title='bbox 612 2173 664 2238; x_wconf 89' lang='lat' dir='ltr'>De</span> <span class='ocrx_word' id='word_1_128' title='bbox 685 2196 749 2238; x_wconf 92' lang='lat' dir='ltr'>uno</span> <span class='ocrx_word' id='word_1_129' title='bbox 772 2186 876 2238; x_wconf 84' lang='lat' dir='ltr'>tamen</span> <span class='ocrx_word' id='word_1_130' title='bbox 897 2197 967 2252; x_wconf 84' lang='lat' dir='ltr'>usu,</span> <span class='ocrx_word' id='word_1_131' title='bbox 990 2196 1083 2258; x_wconf 90' lang='lat' dir='ltr'>quem</span> <span class='ocrx_word' id='word_1_132' title='bbox 1106 2173 1339 2259; x_wconf 83' lang='lat' dir='ltr'>epexegetioum</span> <span class='ocrx_word' id='word_1_133' title='bbox 1362 2173 1591 2259; x_wconf 77' lang='lat' dir='ltr'>appellaverim,</span> <span class='ocrx_word' id='word_1_134' title='bbox 1613 2197 1713 2260; x_wconf 88' lang='lat' dir='ltr'>panea</span> <span class='ocrx_word' id='word_1_135' title='bbox 1723 2177 1847 2244; x_wconf 80' lang='lat' dir='ltr'>addam.</span> <span class='ocrx_word' id='word_1_136' title='bbox 1912 2157 1920 2170; x_wconf 48' lang='lat'><strong><em>¹</em></strong></span> 
     </span>
     <span class='ocr_line' id='line_1_16' title="bbox 209 2277 1848 2366; baseline 0.001 -20"><span class='ocrx_word' id='word_1_137' title='bbox 209 2279 312 2366; x_wconf 86' lang='lat' dir='ltr'>Saepe</span> <span class='ocrx_word' id='word_1_138' title='bbox 335 2280 417 2344; x_wconf 92' lang='lat' dir='ltr'>enim</span> <span class='ocrx_word' id='word_1_139' title='bbox 438 2279 593 2366; x_wconf 80' lang='lat' dir='ltr'>posterior</span> <span class='ocrx_word' id='word_1_140' title='bbox 614 2279 766 2343; x_wconf 76' lang='lat' dir='ltr'>sententia</span> <span class='ocrx_word' id='word_1_141' title='bbox 787 2301 851 2342; x_wconf 86' lang='lat' dir='ltr'>non</span> <span class='ocrx_word' id='word_1_142' title='bbox 873 2301 987 2342; x_wconf 87' lang='lat' dir='ltr'>novam</span> <span class='ocrx_word' id='word_1_143' title='bbox 1009 2301 1075 2342; x_wconf 87' lang='lat' dir='ltr'>rem</span> <span class='ocrx_word' id='word_1_144' title='bbox 1096 2278 1192 2364; x_wconf 89' lang='lat' dir='ltr'>priori</span> <span class='ocrx_word' id='word_1_145' title='bbox 1214 2277 1309 2355; x_wconf 83' lang='lat' dir='ltr'>addit,</span> <span class='ocrx_word' id='word_1_146' title='bbox 1332 2277 1388 2342; x_wconf 83' lang='lat' dir='ltr'>sed</span> <span class='ocrx_word' id='word_1_147' title='bbox 1409 2278 1490 2342; x_wconf 84' lang='lat' dir='ltr'>hano</span> <span class='ocrx_word' id='word_1_148' title='bbox 1511 2279 1555 2341; x_wconf 85' lang='lat' dir='ltr'>ita</span> <span class='ocrx_word' id='word_1_149' title='bbox 1568 2278 1688 2363; x_wconf 83' lang='lat' dir='ltr'>repetit,</span> <span class='ocrx_word' id='word_1_150' title='bbox 1710 2289 1744 2344; x_wconf 79' lang='lat' dir='ltr'>ut</span> <span class='ocrx_word' id='word_1_151' title='bbox 1756 2303 1848 2347; x_wconf 81' lang='lat' dir='ltr'>aceu-</span> 
     </span>
     <span class='ocr_line' id='line_1_17' title="bbox 207 2379 1847 2468; baseline 0.001 -20"><span class='ocrx_word' id='word_1_152' title='bbox 207 2382 304 2448; x_wconf 80' lang='lat' dir='ltr'>ratiua</span> <span class='ocrx_word' id='word_1_153' title='bbox 327 2403 395 2446; x_wconf 83' lang='lat' dir='ltr'>eam</span> <span class='ocrx_word' id='word_1_154' title='bbox 418 2381 555 2446; x_wconf 84' lang='lat' dir='ltr'>definiat.</span> <span class='ocrx_word' id='word_1_155' title='bbox 599 2379 650 2444; x_wconf 83' lang='lat' dir='ltr'>Fit</span> <span class='ocrx_word' id='word_1_156' title='bbox 672 2381 741 2468; x_wconf 40' lang='lat' dir='ltr'>hoo,</span> <span class='ocrx_word' id='word_1_157' title='bbox 755 2381 896 2467; x_wconf 79' lang='lat' dir='ltr'>pluribus</span> <span class='ocrx_word' id='word_1_158' title='bbox 919 2381 1029 2447; x_wconf 78' lang='lat' dir='ltr'>modis.</span> <span class='ocrx_word' id='word_1_159' title='bbox 1073 2381 1112 2444; x_wconf 91' lang='lat' dir='ltr'>In</span> <span class='ocrx_word' id='word_1_160' title='bbox 1134 2381 1201 2444; x_wconf 84' lang='lat' dir='ltr'>aliia</span> <span class='ocrx_word' id='word_1_161' title='bbox 1223 2380 1299 2445; x_wconf 80' lang='lat' dir='ltr'>loeis</span> <span class='ocrx_word' id='word_1_162' title='bbox 1320 2393 1485 2468; x_wconf 83' lang='lat' dir='ltr'>propterea</span> <span class='ocrx_word' id='word_1_163' title='bbox 1505 2380 1620 2465; x_wconf 90' lang='lat' dir='ltr'>aliquid</span> <span class='ocrx_word' id='word_1_164' title='bbox 1642 2381 1782 2462; x_wconf 82' lang='lat' dir='ltr'>additur,</span> <span class='ocrx_word' id='word_1_165' title='bbox 1811 2395 1847 2450; x_wconf 89' lang='lat' dir='ltr'>ut</span> 
     </span>
     <span class='ocr_line' id='line_1_18' title="bbox 208 2482 1297 2570; baseline 0 -22"><span class='ocrx_word' id='word_1_166' title='bbox 208 2507 256 2564; x_wconf 84' lang='lat' dir='ltr'>ea,</span> <span class='ocrx_word' id='word_1_167' title='bbox 279 2505 359 2570; x_wconf 89' lang='lat' dir='ltr'>quae</span> <span class='ocrx_word' id='word_1_168' title='bbox 381 2484 578 2562; x_wconf 78' lang='lat' dir='ltr'>antecedunt,</span> <span class='ocrx_word' id='word_1_169' title='bbox 601 2485 701 2570; x_wconf 85' lang='lat' dir='ltr'>magia</span> <span class='ocrx_word' id='word_1_170' title='bbox 722 2484 888 2570; x_wconf 75' lang='lat' dir='ltr'>perspicua</span> <span class='ocrx_word' id='word_1_171' title='bbox 909 2483 994 2560; x_wconf 84' lang='lat' dir='ltr'>fiant,</span> <span class='ocrx_word' id='word_1_172' title='bbox 1021 2494 1055 2546; x_wconf 82' lang='lat' dir='ltr'>ut</span> <span class='ocrx_word' id='word_1_173' title='bbox 1077 2483 1114 2547; x_wconf 89' lang='lat' dir='ltr'>ll.</span> <span class='ocrx_word' id='word_1_174' title='bbox 1138 2482 1199 2547; x_wconf 89' lang='lat'><em>111.</em></span> <span class='ocrx_word' id='word_1_175' title='bbox 1218 2483 1297 2548; x_wconf 80' lang='lat'><strong>255:</strong></span> 
     </span>
    </p>

    <p class='ocr_par' dir='ltr' id='par_1_7' title="bbox 513 2581 1400 2884">
     <span class='ocr_line' id='line_1_19' title="bbox 516 2581 1329 2676; baseline -0.001 -22"><span class='ocrx_word' id='word_1_176' title='bbox 516 2581 621 2676; x_wconf 76' lang='grc' dir='ltr'><strong><em>αὐτάρ</em></strong></span> <span class='ocrx_word' id='word_1_177' title='bbox 642 2582 852 2675; x_wconf 75' lang='grc' dir='ltr'><strong><em>Ἀλέξανδρος</em></strong></span> <span class='ocrx_word' id='word_1_178' title='bbox 873 2587 926 2654; x_wconf 81' lang='grc' dir='ltr'>καὶ</span> <span class='ocrx_word' id='word_1_179' title='bbox 949 2583 1139 2675; x_wconf 80' lang='grc' dir='ltr'><strong><em>’Λρηλφιλος</em></strong></span> <span class='ocrx_word' id='word_1_180' title='bbox 1163 2586 1329 2661; x_wconf 76' lang='grc' dir='ltr'><strong><em>Μενέλαος</em></strong></span> 
     </span>
     <span class='ocr_line' id='line_1_20' title="bbox 517 2686 1400 2780; baseline 0.001 -22"><span class='ocrx_word' id='word_1_181' title='bbox 517 2693 642 2779; x_wconf 82' lang='grc' dir='ltr'><strong><em>μακρῇς</em></strong></span> <span class='ocrx_word' id='word_1_182' title='bbox 665 2690 806 2780; x_wconf 73' lang='grc' dir='ltr'>ἐγχείῃσι</span> <span class='ocrx_word' id='word_1_183' title='bbox 827 2686 1000 2780; x_wconf 73' lang='grc' dir='ltr'><strong><em>μαχήσοντ’</em></strong></span> <span class='ocrx_word' id='word_1_184' title='bbox 1023 2688 1108 2778; x_wconf 84' lang='grc' dir='ltr'><strong><em>όμφλ</em></strong></span> <span class='ocrx_word' id='word_1_185' title='bbox 1129 2690 1270 2774; x_wconf 72' lang='grc' dir='ltr'><strong><em>γυναικί·</em></strong></span> <span class='ocrx_word' id='word_1_186' title='bbox 1397 2743 1400 2751; x_wconf 70' lang='lat'><em>-</em></span> 
     </span>
     <span class='ocr_line' id='line_1_21' title="bbox 513 2789 1374 2884; baseline 0.002 -26"><span class='ocrx_word' id='word_1_187' title='bbox 513 2797 559 2880; x_wconf 81' lang='grc' dir='ltr'>τῷ</span> <span class='ocrx_word' id='word_1_188' title='bbox 581 2792 617 2860; x_wconf 73' lang='grc' dir='ltr'>δέ</span> <span class='ocrx_word' id='word_1_189' title='bbox 639 2817 675 2861; x_wconf 87' lang='grc' dir='ltr'>κε</span> <span class='ocrx_word' id='word_1_190' title='bbox 696 2790 859 2884; x_wconf 74' lang='grc' dir='ltr'><strong><em>νικήσαντι</em></strong></span> <span class='ocrx_word' id='word_1_191' title='bbox 878 2789 957 2882; x_wconf 76' lang='grc' dir='ltr'><strong><em>γυνή</em></strong></span> <span class='ocrx_word' id='word_1_192' title='bbox 979 2795 1033 2860; x_wconf 87' lang='grc' dir='ltr'>καλ</span> <span class='ocrx_word' id='word_1_193' title='bbox 1056 2789 1197 2880; x_wconf 80' lang='grc' dir='ltr'><strong><em>κτήμαθ’</em></strong></span> <span class='ocrx_word' id='word_1_194' title='bbox 1219 2791 1341 2862; x_wconf 73' lang='grc' dir='ltr'><strong><em>ἕποιτο.</em></strong></span> <span class='ocrx_word' id='word_1_195' title='bbox 1372 2817 1374 2822; x_wconf 88' lang='grc'><em>·</em></span> 
     </span>
    </p>

    <p class='ocr_par' dir='ltr' id='par_1_8' title="bbox 360 2894 1845 2983">
     <span class='ocr_line' id='line_1_22' title="bbox 360 2894 1845 2983; baseline 0.001 -23"><span class='ocrx_word' id='word_1_196' title='bbox 360 2895 592 2980; x_wconf 79' lang='lat' dir='ltr'>Nonnunquam</span> <span class='ocrx_word' id='word_1_197' title='bbox 613 2899 682 2983; x_wconf 77' lang='lat' dir='ltr'>ejus</span> <span class='ocrx_word' id='word_1_198' title='bbox 702 2897 757 2974; x_wconf 90' lang='lat' dir='ltr'>rei,</span> <span class='ocrx_word' id='word_1_199' title='bbox 781 2919 862 2982; x_wconf 90' lang='lat' dir='ltr'>quae</span> <span class='ocrx_word' id='word_1_200' title='bbox 883 2908 955 2960; x_wconf 85' lang='lat' dir='ltr'>ante</span> <span class='ocrx_word' id='word_1_201' title='bbox 976 2905 1218 2961; x_wconf 83' lang='lat' dir='ltr'>commemorata</span> <span class='ocrx_word' id='word_1_202' title='bbox 1238 2907 1302 2974; x_wconf 80' lang='lat' dir='ltr'>eat,</span> <span class='ocrx_word' id='word_1_203' title='bbox 1332 2895 1435 2960; x_wconf 83' lang='lat' dir='ltr'>vivida</span> <span class='ocrx_word' id='word_1_204' title='bbox 1457 2896 1582 2983; x_wconf 84' lang='lat' dir='ltr'>imnogo</span> <span class='ocrx_word' id='word_1_205' title='bbox 1604 2894 1783 2975; x_wconf 83' lang='lat' dir='ltr'>exhibetur,</span> <span class='ocrx_word' id='word_1_206' title='bbox 1806 2895 1845 2968; x_wconf 76' lang='lat' dir='ltr'>ei</span> 
     </span>
    </p>

    <p class='ocr_par' dir='ltr' id='par_1_9' title="bbox 208 2997 1567 3609">
     <span class='ocr_line' id='line_1_23' title="bbox 208 2997 1567 3088; baseline -0.004 -20"><span class='ocrx_word' id='word_1_207' title='bbox 208 3025 254 3082; x_wconf 82' lang='lat' dir='ltr'>ea,</span> <span class='ocrx_word' id='word_1_208' title='bbox 277 3023 357 3088; x_wconf 82' lang='lat' dir='ltr'>quae</span> <span class='ocrx_word' id='word_1_209' title='bbox 379 3001 419 3066; x_wconf 90' lang='lat' dir='ltr'>de</span> <span class='ocrx_word' id='word_1_210' title='bbox 441 3001 472 3066; x_wconf 85' lang='lat' dir='ltr'>vi</span> <span class='ocrx_word' id='word_1_211' title='bbox 494 2999 718 3077; x_wconf 82' lang='lat' dir='ltr'>medicaminis,</span> <span class='ocrx_word' id='word_1_212' title='bbox 741 3021 804 3084; x_wconf 93' lang='lat' dir='ltr'>quo</span> <span class='ocrx_word' id='word_1_213' title='bbox 827 2998 950 3064; x_wconf 88' lang='lat' dir='ltr'>Helena</span> <span class='ocrx_word' id='word_1_214' title='bbox 972 2999 1076 3078; x_wconf 71' lang='lat' dir='ltr'>utitur,</span> <span class='ocrx_word' id='word_1_215' title='bbox 1101 3001 1246 3066; x_wconf 82' lang='lat' dir='ltr'>dicuntur</span> <span class='ocrx_word' id='word_1_216' title='bbox 1267 3001 1300 3066; x_wconf 89' lang='lat' dir='ltr'>in</span> <span class='ocrx_word' id='word_1_217' title='bbox 1321 2999 1384 3066; x_wconf 81' lang='lat' dir='ltr'>od.</span> <span class='ocrx_word' id='word_1_218' title='bbox 1407 2997 1466 3066; x_wconf 91' lang='lat' dir='ltr'>IV.</span> <span class='ocrx_word' id='word_1_219' title='bbox 1490 3001 1567 3064; x_wconf 81' lang='lat'>220:</span> 
     </span>
     <span class='ocr_line' id='line_1_24' title="bbox 511 3096 1418 3194; baseline -0.003 -21"><span class='ocrx_word' id='word_1_220' title='bbox 511 3099 614 3173; x_wconf 72' lang='grc' dir='ltr'><strong><em>αὐτίκ’</em></strong></span> <span class='ocrx_word' id='word_1_221' title='bbox 636 3098 679 3194; x_wconf 85' lang='grc' dir='ltr'>άρ</span> <span class='ocrx_word' id='word_1_222' title='bbox 700 3102 751 3180; x_wconf 83' lang='grc' dir='ltr'>εἰς</span> <span class='ocrx_word' id='word_1_223' title='bbox 772 3098 859 3172; x_wconf 74' lang='grc' dir='ltr'><strong><em>οἶνον</em></strong></span> <span class='ocrx_word' id='word_1_224' title='bbox 878 3096 959 3184; x_wconf 70' lang='grc' dir='ltr'><strong><em>βάλε</em></strong></span> <span class='ocrx_word' id='word_1_225' title='bbox 980 3097 1164 3190; x_wconf 84' lang='grc' dir='ltr'><strong><em>φάρμακον,</em></strong></span> <span class='ocrx_word' id='word_1_226' title='bbox 1188 3099 1282 3172; x_wconf 76' lang='grc' dir='ltr'><strong><em>ἔνθεν</em></strong></span> <span class='ocrx_word' id='word_1_227' title='bbox 1303 3101 1418 3184; x_wconf 76' lang='grc' dir='ltr'><strong><em>ἔπινον,</em></strong></span> 
     </span>
     <span class='ocr_line' id='line_1_25' title="bbox 517 3201 1427 3298; baseline 0 -24"><span class='ocrx_word' id='word_1_228' title='bbox 517 3205 680 3294; x_wconf 73' lang='grc' dir='ltr'><strong><em>νηπενθές</em></strong></span> <span class='ocrx_word' id='word_1_229' title='bbox 701 3201 726 3272; x_wconf 77' lang='grc' dir='ltr'>τ’</span> <span class='ocrx_word' id='word_1_230' title='bbox 750 3201 865 3288; x_wconf 84' lang='grc' dir='ltr'><strong><em>άχολόν</em></strong></span> <span class='ocrx_word' id='word_1_231' title='bbox 886 3231 931 3288; x_wconf 86' lang='grc' dir='ltr'>τε,</span> <span class='ocrx_word' id='word_1_232' title='bbox 953 3211 1057 3274; x_wconf 81' lang='grc' dir='ltr'><strong><em>κακῶν</em></strong></span> <span class='ocrx_word' id='word_1_233' title='bbox 1079 3207 1239 3298; x_wconf 74' lang='grc' dir='ltr'><strong><em>ἐπίληθον</em></strong></span> <span class='ocrx_word' id='word_1_234' title='bbox 1260 3202 1427 3276; x_wconf 87' lang='grc' dir='ltr'><strong><em>άπάντων·</em></strong></span> 
     </span>
     <span class='ocr_line' id='line_1_26' title="bbox 515 3305 1267 3410; baseline 0.001 -32"><span class='ocrx_word' id='word_1_235' title='bbox 515 3305 551 3386; x_wconf 77' lang='grc' dir='ltr'>ὃς</span> <span class='ocrx_word' id='word_1_236' title='bbox 572 3309 609 3380; x_wconf 87' lang='grc' dir='ltr'>τό</span> <span class='ocrx_word' id='word_1_237' title='bbox 630 3307 870 3401; x_wconf 71' lang='grc' dir='ltr'><strong><em>καταβρόξειεν,</em></strong></span> <span class='ocrx_word' id='word_1_238' title='bbox 894 3307 974 3399; x_wconf 81' lang='grc' dir='ltr'><strong><em>ἐπήν</em></strong></span> <span class='ocrx_word' id='word_1_239' title='bbox 995 3315 1130 3398; x_wconf 76' lang='grc' dir='ltr'><strong><em>κρητῆρι</em></strong></span> <span class='ocrx_word' id='word_1_240' title='bbox 1150 3311 1267 3410; x_wconf 77' lang='grc' dir='ltr'><strong><em>μηελη,</em></strong></span> 
     </span>
     <span class='ocr_line' id='line_1_27' title="bbox 518 3408 1407 3504; baseline -0.002 -22"><span class='ocrx_word' id='word_1_241' title='bbox 518 3410 558 3482; x_wconf 79' lang='grc' dir='ltr'>οὔ</span> <span class='ocrx_word' id='word_1_242' title='bbox 579 3440 632 3482; x_wconf 85' lang='grc' dir='ltr'><strong><em>κεν</em></strong></span> <span class='ocrx_word' id='word_1_243' title='bbox 653 3411 830 3504; x_wconf 75' lang='grc' dir='ltr'><strong><em>ἐφημέριός</em></strong></span> <span class='ocrx_word' id='word_1_244' title='bbox 851 3437 889 3502; x_wconf 74' lang='grc' dir='ltr'>γι</span> <span class='ocrx_word' id='word_1_245' title='bbox 909 3409 1008 3498; x_wconf 76' lang='grc' dir='ltr'><strong><em>βάλοι</em></strong></span> <span class='ocrx_word' id='word_1_246' title='bbox 1028 3411 1112 3482; x_wconf 82' lang='grc' dir='ltr'><strong><em>κατά</em></strong></span> <span class='ocrx_word' id='word_1_247' title='bbox 1135 3408 1236 3502; x_wconf 82' lang='grc' dir='ltr'><strong><em>όάκρο</em></strong></span> <span class='ocrx_word' id='word_1_248' title='bbox 1258 3415 1407 3504; x_wconf 76' lang='grc' dir='ltr'><strong><em>παρειῶν,</em></strong></span> 
     </span>
     <span class='ocr_line' id='line_1_28' title="bbox 514 3512 1453 3609; baseline -0.001 -24"><span class='ocrx_word' id='word_1_249' title='bbox 514 3512 587 3585; x_wconf 83' lang='grc' dir='ltr'>οὐδ’</span> <span class='ocrx_word' id='word_1_250' title='bbox 607 3519 640 3586; x_wconf 77' lang='grc' dir='ltr'>εἴ</span> <span class='ocrx_word' id='word_1_251' title='bbox 661 3515 694 3584; x_wconf 84' lang='lat' dir='ltr'>oi</span> <span class='ocrx_word' id='word_1_252' title='bbox 714 3520 932 3609; x_wconf 73' lang='grc' dir='ltr'><strong><em>κατατεθναίη</em></strong></span> <span class='ocrx_word' id='word_1_253' title='bbox 954 3513 1060 3607; x_wconf 83' lang='grc' dir='ltr'><strong><em>μήτηρ</em></strong></span> <span class='ocrx_word' id='word_1_254' title='bbox 1081 3543 1116 3586; x_wconf 89' lang='grc' dir='ltr'>τε</span> <span class='ocrx_word' id='word_1_255' title='bbox 1139 3515 1248 3607; x_wconf 87' lang='grc' dir='ltr'><strong><em>πατήρ</em></strong></span> <span class='ocrx_word' id='word_1_256' title='bbox 1268 3541 1305 3585; x_wconf 88' lang='grc' dir='ltr'>τε</span> <span class='ocrx_word' id='word_1_257' title='bbox 1325 3543 1354 3586; x_wconf 89' lang='grc' dir='ltr'>κ.</span> <span class='ocrx_word' id='word_1_258' title='bbox 1375 3541 1403 3585; x_wconf 89' lang='grc' dir='ltr'>τ.</span> <span class='ocrx_word' id='word_1_259' title='bbox 1425 3519 1453 3584; x_wconf 89' lang='grc' dir='ltr'><strong><em>λ</em></strong></span> 
     </span>
    </p>

    <p class='ocr_par' dir='ltr' id='par_1_10' title="bbox 362 3619 1526 3710">
     <span class='ocr_line' id='line_1_29' title="bbox 362 3619 1526 3710; baseline -0.003 -22"><span class='ocrx_word' id='word_1_260' title='bbox 362 3623 401 3688; x_wconf 93' lang='lat' dir='ltr'>In</span> <span class='ocrx_word' id='word_1_261' title='bbox 423 3621 491 3688; x_wconf 84' lang='lat' dir='ltr'>aliia</span> <span class='ocrx_word' id='word_1_262' title='bbox 511 3631 720 3708; x_wconf 81' lang='lat' dir='ltr'>exaggeratur</span> <span class='ocrx_word' id='word_1_263' title='bbox 740 3622 783 3701; x_wconf 90' lang='lat' dir='ltr'>id,</span> <span class='ocrx_word' id='word_1_264' title='bbox 807 3623 892 3708; x_wconf 88' lang='lat' dir='ltr'>quod</span> <span class='ocrx_word' id='word_1_265' title='bbox 913 3631 984 3688; x_wconf 84' lang='lat' dir='ltr'>ante</span> <span class='ocrx_word' id='word_1_266' title='bbox 1006 3622 1122 3710; x_wconf 74' lang='lat' dir='ltr'>dietum</span> <span class='ocrx_word' id='word_1_267' title='bbox 1144 3635 1201 3701; x_wconf 82' lang='lat' dir='ltr'>eet,</span> <span class='ocrx_word' id='word_1_268' title='bbox 1223 3631 1258 3686; x_wconf 83' lang='lat' dir='ltr'>ut</span> <span class='ocrx_word' id='word_1_269' title='bbox 1279 3619 1342 3687; x_wconf 86' lang='lat' dir='ltr'>Od.</span> <span class='ocrx_word' id='word_1_270' title='bbox 1363 3620 1425 3686; x_wconf 91' lang='lat' dir='ltr'>III.</span> <span class='ocrx_word' id='word_1_271' title='bbox 1449 3619 1526 3684; x_wconf 83' lang='lat'>113:</span> 
     </span>
    </p>

    <p class='ocr_par' dir='ltr' id='par_1_11' title="bbox 516 3719 1517 3808">
     <span class='ocr_line' id='line_1_30' title="bbox 516 3719 1517 3808; baseline -0.001 -14"><span class='ocrx_word' id='word_1_272' title='bbox 516 3719 598 3794; x_wconf 83' lang='grc' dir='ltr'><strong><em>άλλα</em></strong></span> <span class='ocrx_word' id='word_1_273' title='bbox 619 3747 656 3790; x_wconf 86' lang='grc' dir='ltr'>τε</span> <span class='ocrx_word' id='word_1_274' title='bbox 675 3720 774 3794; x_wconf 84' lang='grc' dir='ltr'><strong><em>πόλλ’</em></strong></span> <span class='ocrx_word' id='word_1_275' title='bbox 796 3722 853 3794; x_wconf 76' lang='grc' dir='ltr'>ἐπὶ</span> <span class='ocrx_word' id='word_1_276' title='bbox 874 3731 943 3802; x_wconf 83' lang='grc' dir='ltr'><strong><em>τοῖς</em></strong></span> <span class='ocrx_word' id='word_1_277' title='bbox 966 3723 1121 3808; x_wconf 85' lang='grc' dir='ltr'><strong><em>πάθομεν</em></strong></span> <span class='ocrx_word' id='word_1_278' title='bbox 1142 3721 1239 3795; x_wconf 85' lang='grc' dir='ltr'><strong><em>κακά·</em></strong></span> <span class='ocrx_word' id='word_1_279' title='bbox 1270 3723 1319 3802; x_wconf 75' lang='grc' dir='ltr'>τός</span> <span class='ocrx_word' id='word_1_280' title='bbox 1340 3747 1393 3792; x_wconf 87' lang='grc' dir='ltr'><strong><em>κεν</em></strong></span> <span class='ocrx_word' id='word_1_281' title='bbox 1414 3723 1517 3793; x_wconf 81' lang='grc' dir='ltr'><strong><em>ἐκεῖνα</em></strong></span> 
     </span>
    </p>
   </div>
   <div class='ocr_carea' id='block_1_3' title="bbox 349 3821 1337 4122">
    <p class='ocr_par' dir='ltr' id='par_1_12' title="bbox 349 3821 1337 4122">
     <span class='ocr_line' id='line_1_31' title="bbox 515 3821 1337 3920; baseline 0.002 -24"><span class='ocrx_word' id='word_1_282' title='bbox 515 3824 620 3897; x_wconf 82' lang='grc' dir='ltr'><strong><em>πάντα</em></strong></span> <span class='ocrx_word' id='word_1_283' title='bbox 639 3849 675 3912; x_wconf 75' lang='grc' dir='ltr'>γε</span> <span class='ocrx_word' id='word_1_284' title='bbox 696 3822 888 3916; x_wconf 75' lang='grc' dir='ltr'><strong><em>μυθήσαιτο</em></strong></span> <span class='ocrx_word' id='word_1_285' title='bbox 910 3833 1120 3918; x_wconf 78' lang='grc' dir='ltr'><strong><em>καταθνητῶν</em></strong></span> <span class='ocrx_word' id='word_1_286' title='bbox 1141 3821 1337 3920; x_wconf 83' lang='grc' dir='ltr'><strong><em>όνθρῶπιον.</em></strong></span> 
     </span>
     <span class='ocr_line' id='line_1_32' title="bbox 362 3929 558 3996; baseline 0.005 -1"><span class='ocrx_word' id='word_1_287' title='bbox 362 3929 455 3995; x_wconf 86' lang='lat' dir='ltr'>VIII.</span> <span class='ocrx_word' id='word_1_288' title='bbox 477 3932 558 3996; x_wconf 76' lang='lat'>215:</span> 
     </span>
     <span class='ocr_line' id='line_1_33' title="bbox 349 4023 1268 4122; baseline 0.002 -21"><span class='ocrx_word' id='word_1_289' title='bbox 349 4029 357 4037; x_wconf 72' lang='grc'><em>“</em></span> <span class='ocrx_word' id='word_1_290' title='bbox 513 4023 630 4116; x_wconf 75' lang='grc' dir='ltr'><strong><em>ιό’μὲν</em></strong></span> <span class='ocrx_word' id='word_1_291' title='bbox 651 4027 747 4118; x_wconf 85' lang='grc' dir='ltr'><strong><em>τόξον</em></strong></span> <span class='ocrx_word' id='word_1_292' title='bbox 769 4027 846 4103; x_wconf 76' lang='grc' dir='ltr'><strong><em>οἶδα</em></strong></span> <span class='ocrx_word' id='word_1_293' title='bbox 867 4034 982 4120; x_wconf 82' lang='grc' dir='ltr'><strong><em>ἐΰξοον</em></strong></span> <span class='ocrx_word' id='word_1_294' title='bbox 1002 4028 1268 4122; x_wconf 74' lang='grc' dir='ltr'><strong><em>ἀμφαφάασθαι·</em></strong></span> 
     </span>
    </p>
   </div>
   <div class='ocr_carea' id='block_1_4' title="bbox 216 4132 1374 4852">
    <p class='ocr_par' dir='ltr' id='par_1_13' title="bbox 216 4132 1374 4852">
     <span class='ocr_line' id='line_1_34' title="bbox 515 4132 1349 4227; baseline -0.002 -21"><span class='ocrx_word' id='word_1_295' title='bbox 515 4141 645 4226; x_wconf 85' lang='grc' dir='ltr'><strong><em>πρῶτος</em></strong></span> <span class='ocrx_word' id='word_1_296' title='bbox 666 4134 694 4202; x_wconf 88' lang='grc' dir='ltr'>κ’</span> <span class='ocrx_word' id='word_1_297' title='bbox 717 4132 821 4227; x_wconf 77' lang='grc' dir='ltr'><strong><em>ἄνδρα</em></strong></span> <span class='ocrx_word' id='word_1_298' title='bbox 841 4138 972 4224; x_wconf 79' lang='grc' dir='ltr'><strong><em>βάλοιμι</em></strong></span> <span class='ocrx_word' id='word_1_299' title='bbox 995 4135 1161 4214; x_wconf 81' lang='grc' dir='ltr'><strong><em>όϊστεόσας</em></strong></span> <span class='ocrx_word' id='word_1_300' title='bbox 1184 4139 1217 4208; x_wconf 81' lang='grc' dir='ltr'><strong><em>ἐν</em></strong></span> <span class='ocrx_word' id='word_1_301' title='bbox 1239 4134 1349 4224; x_wconf 81' lang='grc' dir='ltr'><strong><em>όμλλιμ.</em></strong></span> 
     </span>
     <span class='ocr_line' id='line_1_35' title="bbox 358 4241 504 4307; baseline 0 -1"><span class='ocrx_word' id='word_1_302' title='bbox 358 4241 401 4306; x_wconf 86' lang='lat' dir='ltr'>ib.</span> <span class='ocrx_word' id='word_1_303' title='bbox 424 4241 504 4307; x_wconf 73' lang='lat'><strong>280:</strong></span> 
     </span>
     <span class='ocr_line' id='line_1_36' title="bbox 513 4340 1373 4437; baseline -0.002 -22"><span class='ocrx_word' id='word_1_304' title='bbox 513 4341 580 4437; x_wconf 78' lang='grc' dir='ltr'>ἠΰτ’</span> <span class='ocrx_word' id='word_1_305' title='bbox 603 4343 738 4436; x_wconf 81' lang='grc' dir='ltr'><strong><em>άράχνια</em></strong></span> <span class='ocrx_word' id='word_1_306' title='bbox 759 4343 872 4430; x_wconf 84' lang='grc' dir='ltr'><strong><em>λεπτά,</em></strong></span> <span class='ocrx_word' id='word_1_307' title='bbox 892 4340 962 4434; x_wconf 75' lang='grc' dir='ltr'>τόγ’</span> <span class='ocrx_word' id='word_1_308' title='bbox 984 4341 1024 4413; x_wconf 79' lang='grc' dir='ltr'>οό</span> <span class='ocrx_word' id='word_1_309' title='bbox 1044 4344 1080 4412; x_wconf 67' lang='lat' dir='ltr'>ab</span> <span class='ocrx_word' id='word_1_310' title='bbox 1101 4366 1150 4420; x_wconf 81' lang='grc' dir='ltr'>τις</span> <span class='ocrx_word' id='word_1_311' title='bbox 1172 4343 1249 4412; x_wconf 75' lang='grc' dir='ltr'>οὐδὲ</span> <span class='ocrx_word' id='word_1_312' title='bbox 1270 4345 1373 4414; x_wconf 68' lang='lat' dir='ltr'>idoneo</span> 
     </span>
     <span class='ocr_line' id='line_1_37' title="bbox 521 4449 891 4541; baseline 0.003 -20"><span class='ocrx_word' id='word_1_313' title='bbox 521 4450 600 4521; x_wconf 79' lang='grc' dir='ltr'>οὐδὲ</span> <span class='ocrx_word' id='word_1_314' title='bbox 621 4457 709 4523; x_wconf 83' lang='grc' dir='ltr'><strong><em>θεῶν</em></strong></span> <span class='ocrx_word' id='word_1_315' title='bbox 730 4449 891 4541; x_wconf 84' lang='grc' dir='ltr'><strong><em>μακάρων.</em></strong></span> 
     </span>
     <span class='ocr_line' id='line_1_38' title="bbox 216 4547 564 4626; baseline -0.014 0"><span class='ocrx_word' id='word_1_316' title='bbox 216 4547 220 4556; x_wconf 49' lang='grc'><strong>“</strong></span> <span class='ocrx_word' id='word_1_317' title='bbox 359 4558 398 4626; x_wconf 88' lang='lat' dir='ltr'>Il.</span> <span class='ocrx_word' id='word_1_318' title='bbox 421 4555 483 4623; x_wconf 85' lang='lat' dir='ltr'>IX.</span> <span class='ocrx_word' id='word_1_319' title='bbox 506 4559 564 4622; x_wconf 77' lang='lat'>57:</span> 
     </span>
     <span class='ocr_line' id='line_1_39' title="bbox 513 4649 1374 4749; baseline -0.002 -23"><span class='ocrx_word' id='word_1_320' title='bbox 513 4649 535 4749; x_wconf 80' lang='grc' dir='ltr'><em>ἦ</em></span> <span class='ocrx_word' id='word_1_321' title='bbox 555 4655 619 4748; x_wconf 81' lang='grc' dir='ltr'>μήν</span> <span class='ocrx_word' id='word_1_322' title='bbox 640 4659 698 4726; x_wconf 80' lang='grc' dir='ltr'>καλ</span> <span class='ocrx_word' id='word_1_323' title='bbox 718 4659 791 4734; x_wconf 68' lang='lat' dir='ltr'>vioe</span> <span class='ocrx_word' id='word_1_324' title='bbox 812 4656 894 4740; x_wconf 69' lang='grc' dir='ltr'><strong><em>όοσλ</em></strong></span> <span class='ocrx_word' id='word_1_325' title='bbox 915 4653 991 4742; x_wconf 71' lang='grc' dir='ltr'><strong><em>ἐμός</em></strong></span> <span class='ocrx_word' id='word_1_326' title='bbox 1012 4657 1050 4726; x_wconf 77' lang='grc' dir='ltr'>δά</span> <span class='ocrx_word' id='word_1_327' title='bbox 1070 4682 1107 4726; x_wconf 88' lang='grc' dir='ltr'>κε</span> <span class='ocrx_word' id='word_1_328' title='bbox 1128 4659 1182 4727; x_wconf 78' lang='grc' dir='ltr'>καὶ</span> <span class='ocrx_word' id='word_1_329' title='bbox 1203 4663 1281 4735; x_wconf 81' lang='grc' dir='ltr'><strong><em>παῖς</em></strong></span> <span class='ocrx_word' id='word_1_330' title='bbox 1302 4659 1374 4746; x_wconf 71' lang='grc' dir='ltr'><strong><em>εἴης</em></strong></span> 
     </span>
     <span class='ocr_line' id='line_1_40' title="bbox 513 4757 875 4852; baseline -0.006 -20"><span class='ocrx_word' id='word_1_331' title='bbox 513 4757 698 4841; x_wconf 77' lang='grc' dir='ltr'><strong><em>όπλότατοε</em></strong></span> <span class='ocrx_word' id='word_1_332' title='bbox 718 4765 875 4852; x_wconf 74' lang='grc' dir='ltr'><strong><em>νενιήφιν.</em></strong></span> 
     </span>
    </p>
   </div>
   <div class='ocr_carea' id='block_1_5' title="bbox 0 0 2258 5666">
    <p class='ocr_par' dir='ltr' id='par_1_14' title="bbox 0 0 2258 5666">
     <span class='ocr_line' id='line_1_41' title="bbox 0 0 2258 5666; baseline 0 1"><span class='ocrx_word' id='word_1_333' title='bbox 0 0 2258 5666; x_wconf 95' lang='lat' dir='ltr'> </span> 
     </span>
    </p>
   </div>
  </div>
 </body>
</html>
