4508 5666
1098 621 1350 694 ..Q-

397 823 599 890 undamn
632 834 671 886 ne
694 821 732 886 ia
749 821 792 886 iis
817 820 960 904 quidem
966 821 1059 896 loeis,
1094 822 1125 884 in
1159 821 1292 906 quilius
1306 847 1346 886 a·
1360 845 1545 910 {progresso
1576 825 1780 911 majuoefivo
1809 805 2046 899 mammen

396 926 511 992 habere
540 925 698 1000 videam,
732 924 962 1010 agnoscendam
995 945 1065 988 esse
1094 935 1181 1009 puto.
1237 926 1487 997 Consideremus
1514 931 1675 1016 aaemplar
1715 932 1758 996 lm
1786 932 2045 1012 11-1.V,aso

330 1057 341 1082 .-
396 1029 570 1096 Diomedes
598 1028 740 1094 Aeneam
761 1036 793 1092 at
814 1025 994 1092 Pandarum
1015 1049 1225 1112 aggressurus
1246 1029 1307 1094 hoo
1327 1031 1421 1095 dicit:
1703 1071 1705 1078 ·

612 1165 615 1172 ’
706 1157 742 1221 αλ
737 1153 815 1220 ’κέν
836 1179 893 1236 μοι
917 1149 1121 1237 πολύβουλος
1143 1150 1265 1246 Ἀθήνη
1288 1161 1387 1233 adduc
1408 1155 1511 1248 ὀρέξῃ,

707 1256 884 1346 σ’μφοτὲρω
907 1265 1041 1341 κτεῖναι,
1065 1257 1106 1327 σύ
1130 1261 1166 1327 δὲ
1187 1258 1302 1336 τσύςύε
1322 1261 1382 1340 μὲν
1403 1258 1505 1336 σίκέσς
1525 1262 1654 1338 ἵππους

708 1358 811 1429 erlend
826 1361 1015 1447 ἕρυκοκέτιν
1038 1387 1065 1429 κ.
1087 1385 1114 1428 τ.
1138 1363 1165 1426 λ.

472 1484 476 1497 ’
550 1473 650 1557 Equis
673 1473 767 1560 igitur
789 1475 916 1538 Aeneae
940 1497 1035 1558 quum
1059 1475 1151 1560 potiri
1174 1473 1295 1562 cupiet,
1328 1477 1359 1538 in
1382 1477 1444 1541 line
1467 1477 1630 1554 orationis,
1663 1489 1828 1563 postquam
1858 1477 1897 1542 de
1920 1477 2041 1564 origine

401 1599 509 1642 eorum
532 1576 625 1655 dixit,
649 1578 727 1642 haec
749 1565 850 1642 addit.
1160 1587 1174 1599 '

707 1705 738 1774 εἰ
760 1703 869 1775 τούτω
886 1731 921 1771 κε
944 1702 1112 1789 λάβοιμεν,
1135 1695 1301 1796 ἀροίμεθά
1323 1733 1357 1772 κε
1379 1706 1473 1781 κλέος
1496 1705 1623 1774 ἐσθλόν.

336 1813 339 1816 ’
398 1806 590 1878 Baeumleini
614 1810 764 1874 sententia
787 1827 849 1887 est,
873 1807 1071 1886 Diomedem,
1095 1809 1258 1874 Minervae
1281 1811 1395 1876 auxilio
1419 1811 1547 1887 fretum,
1572 1820 1643 1872 onte
1665 1809 1769 1873 omnia
1791 1809 1852 1873 hoc
1874 1832 1984 1896 agere,
2008 1831 2043 1876 ut

291 1987 295 1994 Ι
397 1911 537 1976 Aeneam
561 1913 781 1977 etPandarum
804 1927 857 1977 aut
879 1914 1058 1978 alterutrum
1083 1915 1190 1980 saltem
1215 1938 1321 1979 corun]
1345 1913 1516 1990 interficiat,
1540 1911 1744 1998 quamobrem
1766 1911 1827 1978 hoo
1843 1935 1912 1998 conj
1905 1909 2043 1979 unetivo

399 2015 595 2082 enunciatum
630 2017 686 2080 sit:
720 2018 758 2082 αί
789 2041 840 2082 κεν
872 2010 974 2104 ὀρέξῃ
1008 2019 1138 2098 alterum
1172 2019 1256 2104 quod
1291 2033 1409 2104 speret,
1433 2017 1526 2098 fore,
1558 2028 1591 2082 ut
1624 2039 1722 2101 equos
1755 2015 1911 2082 abducere
1932 2014 2042 2106 possit,

399 2142 495 2204 quum
518 2119 590 2184 inde
612 2121 763 2206 pendeat,
787 2139 890 2185 utrum
912 2121 989 2184 illud
1012 2122 1194 2184 successerit
1216 2144 1330 2194 neone,
1355 2121 1456 2183 minus
1480 2140 1597 2183 certum
1621 2143 1706 2198 esse;
1730 2112 1944 2186 dubitantius
1936 2132 2042 2210 rtaque

398 2224 458 2287 hoo
481 2225 618 2310 optativo
642 2221 719 2288 dici:
754 2222 785 2291 εἰ
806 2217 909 2291 τούτω
933 2251 965 2290 κε
990 2218 1158 2306 λάβοιμεν
1148 2277 1156 2306 ,
1190 2223 1371 2310 periculam
1402 2235 1505 2288 autem
1535 2224 1608 2287 addi
1637 2237 1802 2311 propterea
1824 2247 1903 2310 opus
1932 2225 2039 2302 firisse,

314 2337 317 2346 ’
399 2323 484 2409 quod
506 2348 568 2390 non
592 2327 631 2390 de
653 2350 686 2390 re
709 2327 797 2405 fieta,
831 2328 886 2391 sed
910 2315 948 2391 de
972 2352 1025 2405 eo,
1060 2328 1145 2412 quod
1167 2328 1323 2416 agendum
1346 2329 1402 2405 ait,
1438 2325 1568 2391 dicatur.
1615 2325 1732 2391 Sed
1709 2351 1735 2390 οι
1763 2326 1938 2392 accuratius
1960 2327 2042 2419 Dio·

397 2429 496 2493 medis
519 2428 614 2493 verba
635 2429 851 2515 inspiciamus,
886 2429 1012 2493 minime
1034 2454 1104 2494 eum
1133 2430 1275 2496 dubitare
1297 2431 1521 2517 intelligemus,
1546 2431 1631 2514 quin,
1663 2431 1736 2499 viris
1757 2431 1937 2530 intersectis,
1970 2429 2042 2518 equi

397 2542 481 2596 certa
502 2531 620 2617 praeda
639 2530 735 2596 futuri
757 2534 833 2612 sint;
867 2537 943 2602 nihil
973 2537 1055 2600 enirn
1078 2537 1181 2614 addit,
1215 2535 1298 2599 unde
1322 2535 1361 2600 de
1390 2536 1521 2612 aliare,
1556 2558 1618 2620 qua
1647 2535 1790 2621 impediri
1819 2538 1934 2622 possit,
1969 2561 2041 2602 eurn

398 2635 535 2742 negitare
570 2634 768 2722 colligamus3
801 2638 896 2702 immo
930 2650 1094 2724 postquam
1118 2639 1178 2703 hoo
1201 2637 1294 2702 dixit:
1325 2641 1362 2705 οἳ
1389 2664 1440 2705 κεν
1469 2629 1588 2728 Ἅθὴνν
1617 2640 1718 2714 κυδος
1740 2633 1885 2726 o'pe'ffp'
1862 2637 2042 2738 α,ιφοτε’ρω

398 2745 537 2820 κτεῖναι,
573 2742 674 2804 statim
699 2742 800 2806 addit:
832 2739 872 2810 σύ
903 2743 940 2811 δὲ
961 2739 1077 2816 τούςδε
1099 2739 1157 2828 μὲν
1180 2739 1282 2818 ὠκέας
1314 2741 1439 2818 ἵππους
1461 2735 1563 2808 αύτου
1585 2735 1803 2828 ἒρυοκσκὲειν,
1837 2742 1880 2804 ita
1912 2753 1947 2806 ut
1980 2743 2042 2810 hoc

398 2869 461 2910 non
484 2845 625 2938 magis
606 2845 758 2909 incertum
782 2869 873 2930 quam
897 2847 972 2911 illud
996 2869 1063 2911 esse
1087 2846 1236 2909 videatur.
1282 2844 1348 2910 Sed
1381 2869 1420 2908 ne
1449 2844 1482 2908 id
1515 2841 1641 2928 quidem
1676 2845 1878 2910 Baeumleino
1911 2847 2041 2910 concedi

397 2962 509 3068 potest,
532 2951 609 3014 haec
632 2950 746 3015 verba:
769 2950 806 3015 αἲ
826 2975 879 3015 κεν
900 2945 992 3038 ὀρέξῃ
1015 2949 1057 3013 ita
1080 2949 1182 3012 dicere
1206 2947 1407 3024 Diomedem,
1443 2962 1476 3014 ut
1509 2948 1625 3010 lactum
1647 2947 1685 3012 iri
1707 2947 1767 3012 hoo
1782 2940 1926 3013 confidat
1934 2973 1943 3026 ;
1978 2970 2041 3032 qua

398 3054 431 3117 in
458 3077 492 3118 re
513 3053 650 3140 neglexit
673 3054 722 3130 id,
747 3053 832 3138 quod
854 3053 941 3116 addit
930 3067 994 3116 tum
1018 3065 1063 3116 est
1086 3049 1260 3140 ἀμφοτέρω
1283 3058 1419 3126 κτεῖναι,
1444 3047 1526 3114 unde
1550 3051 1709 3127 videmus,
1732 3073 1795 3114 non
1819 3051 1857 3115 de
1880 3052 2045 3131 alterutro,

398 3156 452 3220 sed
475 3156 515 3220 de
537 3168 669 3244 utroque
690 3158 736 3221 int
724 3155 904 3220 terliciendo
927 3153 1112 3220 Diomedem
1136 3157 1290 3246 cogitare,
1314 3155 1398 3240 quod
1421 3177 1514 3238 quarn
1539 3154 1668 3220 dubium
1692 3154 1750 3218 sibi
1773 3155 1830 3232 sit,
1862 3176 1953 3220 versu
1976 3155 2037 3217 257

398 3259 641 3350 significaverat:

705 3391 810 3432 τουτω
834 3359 863 3432 d
886 3390 925 3432 ου
913 3358 1042 3432 πάλιν
1065 3387 1154 3440 συτις
1177 3317 1397 3428 ἐποίσετον
1372 3359 1469 3434 ωκὲες
1490 3361 1589 3428 ‘aanor

705 3465 805 3558 άμφω
827 3461 885 3558 άφ’
907 3462 1042 3556 ἡμείων,
1065 3463 1102 3534 εἰ
1126 3469 1222 3552 γοῦν
1245 3461 1385 3554 ἕτερός
1406 3491 1448 3552 γε
1471 3460 1656 3555 φύνησιν.

550 3589 634 3654 Nihil
664 3600 768 3654 antem
798 3589 987 3654 difficultatis
1017 3589 1094 3652 haec
1117 3585 1214 3650 verba
1242 3585 1367 3652 habent.
1414 3582 1641 3672 Conjunetivus
1671 3595 1701 3647 et
1734 3583 1891 3668 optativus
1914 3603 2042 3673 propter

397 3692 551 3759 diversam
573 3693 726 3780 apodosio
749 3717 805 3758 suo
828 3694 960 3778 quisque
982 3693 1053 3756 loco
1074 3703 1157 3755 recte
1179 3690 1271 3775 positi
1294 3704 1381 3764 sunt,
1416 3687 1632 3772 conjunctivus
1663 3686 1810 3771 quoniam
1838 3686 2041 3774 imperativus

396 3793 576 3886 ἐρυκακέειν
597 3798 745 3882 sequitur,
769 3797 936 3886 optativus,
959 3795 1105 3880 quoniam
1129 3793 1225 3859 verba
1246 3785 1410 3877 άρσίμεβά
1431 3815 1467 3855 κε
1486 3789 1577 3867 κλέος
1589 3784 1710 3870 ἐσθλόν
1725 3789 1898 3876 optativum
1912 3789 2041 3866 habent,

398 3899 494 3964 Recte
518 3900 609 3964 etiam
631 3901 783 3988 particula
804 3921 841 3976 se¹
860 3899 969 3976 habet;
994 3920 1164 3984 pronomen
1187 3889 1292 3964 τούτω
1315 3897 1411 3986 enim,
1435 3896 1467 3960 in
1491 3919 1552 3980 quo
1575 3904 1739 3960 accentum
1760 3893 1914 3978 deposuit,
1936 3895 1980 3958 ita
2001 3896 2052 3970 ad,
2141 3969 2145 3974 ⁵

305 4009 311 4024 '
397 4025 546 4088 ea,quae
569 4005 718 4088 deequis
741 4005 934 4077 dictasunt,
968 4003 1110 4088 respicit,
1134 4017 1184 4078 ut,
1208 4023 1303 4086 quum
1326 4000 1536 4066 nobilissimos
1558 4023 1611 4066 eos
1633 4009 1761 4086 propter
1783 3997 1935 4088 originem
1969 4021 2038 4064 esse

398 4107 541 4183 dixisset,
577 4107 658 4175 hano
680 4129 748 4175 esse
769 4129 914 4183 oausam,
947 4129 1002 4173 cur
1024 4106 1115 4192 potiri
1137 4104 1173 4168 iis
1197 4105 1300 4198 cupiat
1323 4102 1369 4178 tel
1392 4100 1567 4190 λάβοιμεν),
1598 4101 1816 4188 intelligamus.
1862 4102 1933 4168 Non
1961 4103 2042 4190 firgit

397 4210 651 4288 Baeumleinum,
672 4211 727 4286 illi,
750 4235 813 4298 qua
834 4233 908 4274 usus
931 4223 987 4285 est,
1011 4208 1186 4293 explicandi
1215 4209 1326 4296 rationi
1355 4231 1530 4295 repugnare
1553 4207 1684 4274 similem
1706 4205 1829 4282 locum,
1862 4206 1916 4290 qui
1939 4217 1986 4270 est
2007 4205 2043 4270 in

397 4314 434 4379 ll.
458 4313 551 4392 Vm,
576 4314 761 4390 191-1963
786 4315 828 4382 ibi
851 4313 972 4382 Hector
994 4335 1091 4401 equos
1114 4312 1161 4375 his
1184 4312 1287 4378 verbis
1310 4313 1432 4381 incitat:

559 4459 582 4497 ι’
659 4498 662 4507 .
706 4436 777 4508 ἀλλ’
799 4443 1031 4532 ἐφομαρτεῖτον·
1051 4443 1106 4508 καί
1128 4437 1322 4522 σπεύδετον,
1349 4444 1386 4508 σί
1406 4465 1442 4507 κε
1464 4441 1615 4524 λάβωμεν

705 4540 833 4614 ἀσπίδα
855 4547 1038 4634 Νεστορέην
1062 4574 1420 4597 *******

702 4643 808 4736 σύσάρ
830 4643 886 4716 ἀπ’
907 4645 1021 4730 ὤμοιϊν
1042 4642 1228 4736 Διομήδεος
1248 4641 1457 4731 ἱπποδάμων

705 4748 877 4820 δαιδάλεοι
897 4748 1052 4840 θώρηκα,
1072 4747 1127 4820 σύν
1140 4745 1323 4838 Ἥφαιστος
1346 4744 1427 4834 κάμε
1450 4745 1576 4834 τεύχων,
