4508 5666
417 1831 495 1904 ne
518 1849 610 1906 ιιιιι
632 1781 989 1919 ,crumelum
1009 1831 1048 1904 tv
1069 1838 1120 1908 ct
1141 1836 1194 1904 atr
1215 1834 1349 1924 spurt
1372 1834 1657 1908 nencrn.
1715 1923 1716 1928 Ν

885 2399 1143 2474 Commerrtutio
1171 2395 1195 2470 l.

379 2663 498 2752 Viginti
520 2665 583 2730 duo
605 2679 678 2734 sunt
699 2669 788 2746 cuni,
811 2691 908 2754 quum
933 2671 1115 2737 Scmmerus
1135 2670 1169 2734 iu
1191 2689 1322 2736 censure
1344 2667 1414 2734 libri
1433 2667 1516 2734 ch.
1534 2665 1706 2732 Hermauni
1729 2668 1770 2734 de
1791 2691 1863 2755 pcr-

224 2765 318 2832 ticuls
338 2764 377 2834 ts
398 2767 491 2851 (diat.
515 2767 611 2834 schol.
637 2769 737 2848 1831,
760 2769 804 2835 11.
827 2795 874 2836 nr.
900 2773 976 2856 121)
998 2773 1165 2859 particulas
1195 2765 1235 2840 tit
1263 2782 1294 2837 et
1315 2773 1376 2855 alr,
1406 2795 1485 2858 ques
1513 2783 1604 2838 entes
1624 2773 1801 2859 promiscue
1823 2795 1860 2838 cc

223 2869 289 2934 sine
312 2867 375 2934 ullo
397 2869 630 2957 significationis
653 2872 831 2939 discrimine
851 2876 996 2962 rrsrnpari
1018 2875 1229 2950 crediderant,
1251 2885 1287 2938 ut
1307 2875 1444 2962 origine,
1469 2875 1513 2940 ita
1534 2875 1626 2940 etism
1648 2895 1707 2940 usu
1728 2877 1808 2940 inter
1829 2899 1862 2942 sc

224 2975 349 3040 differre
372 2975 486 3041 docuit
532 2974 637 3058 Quum
658 2979 842 3044 sententiam
871 2981 923 3046 ille
950 2982 1111 3068 ingeniose
1132 2979 1258 3066 quidem
1281 2999 1318 3044 ac
1340 2979 1509 3066 sagaciter,
1541 2988 1576 3042 ut
1598 2977 1729 3044 decebat
1750 2979 1861 3056 virum,

224 3101 317 3164 quem
339 3079 443 3144 multis
471 3080 629 3146 literarum
651 3081 845 3149 Graecarum
877 3085 1018 3174 partibus
1050 3085 1153 3152 lucem
1185 3083 1324 3148 attulisse
1356 3083 1488 3160 scimus,
1521 3082 1725 3168 exmgitsvit3
1758 3093 1861 3146 tamen

222 3183 299 3250 illud
321 3185 503 3262 discrimen,
527 3185 612 3271 quod
634 3187 789 3253 invenisse
811 3188 872 3254 sibi
893 3189 979 3254 risus
1001 3199 1076 3264 eret,
1100 3187 1185 3253 haud
1207 3191 1272 3255 scio
1294 3207 1334 3250 sn
1356 3207 1418 3252 non
1441 3185 1546 3252 multis
1561 3185 1642 3249 inter
1657 3183 1740 3250 viros
1753 3185 1863 3250 doctos

222 3290 411 3376 probaverit.
466 3288 531 3372 Qui
563 3302 672 3355 contra
703 3291 877 3377 scripserit,
910 3299 1034 3377 practer
1066 3289 1323 3364 Bauemleinum,
1357 3291 1446 3373 cujus
1479 3289 1662 3353 sententiam
1695 3288 1797 3353 stetim
1831 3289 1862 3352 in

223 3393 435 3476 quaestionem
470 3391 608 3471 vocabo,
642 3394 786 3478 equidem
819 3396 894 3460 novi
926 3396 1092 3460 neminem.
1138 3393 1301 3462 Subtiliter
1329 3396 1381 3460 hic
1401 3396 1434 3460 in
1454 3394 1551 3471 libro,
1583 3412 1676 3478 quem
1698 3393 1861 3459 demodis

223 3493 348 3580 linguae
370 3493 512 3562 Graecae
534 3497 674 3583 scripsit,
699 3496 739 3562 de
766 3521 803 3562 ea
823 3521 858 3563 re
880 3500 961 3585 egit,
984 3498 1174 3586 argumentis
1195 3521 1271 3563 usus
1292 3509 1356 3562 tarn
1378 3497 1559 3575 luculentis,
1583 3508 1618 3562 ut
1634 3497 1732 3562 mrrlta
1743 3519 1861 3574 ecrurn,

223 3597 336 3682 quibus
360 3599 542 3666 Scmmerus
572 3602 753 3666 sententium
784 3623 873 3668 suam
893 3603 1018 3668 firmare
1040 3613 1170 3668 conatus
1193 3611 1291 3680 esset,
1325 3602 1365 3668 sb
1395 3623 1433 3668 ec
1454 3601 1588 3668 refutata
1608 3621 1698 3678 esse,
1730 3600 1863 3666 libenter

222 3701 400 3767 concedam.
446 3703 594 3768 Attamen
617 3705 735 3790 siquis
758 3707 932 3771 accuratius
955 3705 1217 3771 illaBaemnlcini
1239 3715 1422 3792 arguments
1437 3705 1602 3782 examinet,
1625 3703 1719 3769 credo
1740 3703 1807 3769 lore
1829 3717 1862 3769 ut
1998 3769 2002 3784 ,

222 3806 304 3870 idern
328 3807 356 3870 ei
378 3809 462 3892 quod
484 3807 560 3872 milri
582 3807 712 3885 accidat,
735 3809 799 3893 qui,
823 3828 920 3894 quum
939 3809 1026 3874 initio
1039 3809 1076 3873 iis
1090 3808 1308 3885 assensisscm,
1330 3808 1461 3894 repetita
1482 3807 1615 3872 lectione
1636 3805 1863 3894 diligenterque

222 3907 315 3986 lc'cis,
350 3909 380 3972 in
413 3910 527 3994 quibus
556 3909 616 3974 bue
636 3911 806 3996 particulae
827 3911 989 4001 leguntur,
1022 3914 1102 3978 inter
1123 3935 1157 3977 se
1179 3911 1381 3998 computetis,
1404 3931 1466 3976 non
1489 3909 1593 3975 omnis
1614 3910 1758 3994 quidem,
1782 3933 1863 3996 quac

149 4037 155 4044 ·
224 4011 258 4078 S.
281 4012 409 4088 dixerit,
444 4013 569 4080 defendi
601 4035 711 4100 posse,
748 4015 914 4080 discrimen
947 4037 1022 4082 vero
1056 4016 1095 4082 ab
1129 4037 1167 4080 eo
1196 4015 1384 4086 indicatum
1418 4035 1527 4078 verum
1550 4033 1618 4077 esse
1646 4013 1860 4080 intellexerim.

223 4117 410 4182 Astur-atius
432 4137 515 4183 nunc
537 4139 618 4203 quae
640 4137 710 4182 mes
731 4118 771 4181 sit
792 4120 944 4184 sententia
965 4141 1131 4207 erponem.

375 4222 399 4304 t.
425 4221 453 4284 1.
500 4219 692 4297 Scmmerus,
716 4230 750 4285 ut
771 4243 855 4286 nunc
877 4222 1004 4308 quidem
1026 4224 1146 4288 mittam
1179 4243 1233 4300 es,
1266 4243 1347 4308 quse
1377 4221 1416 4287 de
1438 4219 1558 4306 origine
1586 4241 1623 4284 ac
1645 4220 1745 4338 prima
1765 4221 1862 4306 parti·

223 4316 408 4388 crrlarum’'
384 4349 425 4390 cv
446 4334 476 4390 et
498 4325 551 4392 riv
572 4324 798 4412 significatione
820 4325 1003 4414 disputavit,
1038 4326 1254 4392 consociandis
1276 4324 1399 4390 duobus
1431 4321 1603 4388 enuncietis
1631 4343 1684 4388 eus
1712 4323 1863 4390 inservire

223 4427 314 4503 dicit,
338 4449 470 4511 quorum
494 4427 623 4493 alterurn
647 4429 861 4495 condicionem
885 4431 1058 4507 contineat,
1081 4452 1101 4493 a
1122 4451 1185 4514 quc
1205 4429 1340 4515 pendeat
1362 4427 1508 4504 sltemm,
1534 4427 1579 4498 ita
1600 4436 1702 4492 autem
1725 4425 1861 4502 differre,

223 4541 258 4594 ιιι
278 4531 330 4596 ills
352 4531 483 4608 indicet,
518 4551 610 4618 posse
632 4535 749 4620 aliquid
772 4555 855 4611 esse,
890 4535 976 4620 quod
996 4545 1101 4598 utrum
1123 4533 1172 4610 sit,
1195 4555 1235 4597 sn
1257 4553 1319 4596 ncrr
1342 4531 1397 4606 sit,
1431 4529 1670 4605 eccndicione,
1704 4528 1745 4594 sd
1767 4549 1861 4615 quem

223 4633 382 4710 referatur,
406 4636 556 4722 pendent,
591 4637 649 4702 hcc
671 4651 775 4703 autem
797 4639 1013 4703 condicionem
1034 4637 1119 4702 illum
1141 4637 1185 4702 ita
1206 4633 1352 4713 indicari,
1386 4647 1510 4699 utnon
1542 4642 1606 4696 tam
1636 4651 1705 4696 esse
1734 4631 1861 4716 sliquid,

223 4737 298 4804 sicit
310 4737 450 4814 alterum,
474 4739 636 4816 indicetur,
660 4739 772 4806 redut
793 4741 871 4808 illud
892 4763 963 4808 cum
986 4743 1056 4819 boc,
1080 4753 1227 4825 tanquam
1246 4761 1303 4806 sus
1318 4759 1412 4806 causa
1426 4736 1608 4812 cobaerestr
1630 4735 1744 4902 alrctius
1757 4734 1863 4822 itaque
