4508 5666
1128 617 1348 684 „5-

418 821 482 884 fors
511 820 604 894 serat,
639 813 700 897 οίνσί
724 816 766 886 eri
798 811 952 905 παρόντα.
998 817 1071 883 Alio
1101 839 1195 884 sensu
1224 818 1301 882 lnrec
1323 813 1610 903 accipiendarum,
1644 815 1669 879 si
1700 825 1807 879 notum
1829 815 1947 892 estid,
1970 816 2053 880 unde

417 921 532 1008 pendet
555 921 696 986 alterum.
742 921 823 986 Illud
856 921 938 989 enim
971 931 1154 986 eventurum
1188 941 1256 984 esse
1285 941 1380 1003 quum
1411 919 1475 984 veri
1505 917 1605 982 simile
1627 939 1694 981 esse
1717 915 1875 993 videmus,
1909 917 2052 984 idoneam

416 1024 568 1091 ίιοίιειοιιε
590 1047 734 1101 causam,
758 1045 813 1088 our
834 1023 901 1088 lieri
922 1023 983 1088 hoc
1005 1025 1178 1110 opinemur.
1222 1023 1333 1108 ltaque
1354 1023 1485 1112 ποιοίης
1507 1022 1598 1086 etiam
1621 1021 1795 1108 significare
1816 1030 1936 1107 potestr
1958 1022 2053 1088 oredo

417 1141 447 1192 te
463 1128 623 1194 iacturum
647 1151 724 1194 erse.
769 1126 860 1191 Haec
880 1125 957 1191 mihi
980 1137 1042 1191 tam
1064 1137 1149 1192 certa
1169 1143 1207 1192 ao
1228 1128 1321 1213 plana
1342 1149 1412 1192 esse
1432 1127 1593 1202 videntur,
1616 1137 1651 1190 ut
1672 1147 1710 1190 ea
1730 1147 1810 1208 quae
1834 1125 2053 1192 Baeumleiuus

417 1242 526 1298 centra
552 1232 633 1297 hanc
655 1231 775 1316 ellipsin
799 1229 982 1315 disputavit,
1004 1229 1139 1294 refirtare
1161 1230 1364 1316 supersedere
1384 1231 1511 1316 possim.

571 1357 595 1437 ξ.
620 1356 648 1416 l.
695 1351 845 1418 Solebant
870 1348 1001 1427 Graeci,
1032 1361 1066 1414 ut
1088 1371 1182 1437 supra
1204 1351 1313 1427 docui,
1343 1351 1391 1415 his
1421 1351 1579 1416 sententiis
1602 1352 1783 1437 perticulam
1806 1350 1845 1424 ι’ίν
1868 1356 2051 1422 indicandae

417 1458 609 1523 condicionis
631 1477 725 1521 causa
747 1455 878 1529 addere,
909 1453 962 1537 qni
991 1473 1066 1517 usus
1088 1463 1152 1518 tam
1174 1468 1319 1518 constans
1347 1465 1409 1532 est,
1441 1466 1476 1519 ut
1505 1455 1596 1520 etiam
1625 1458 1709 1542 apud
1732 1458 1906 1524 Homenrm
1933 1471 2055 1546 praeter

417 1584 471 1625 eos
493 1562 595 1635 locos,
623 1560 653 1622 in
677 1557 790 1643 quibus
812 1558 865 1625 κέν
885 1557 1013 1643 legitur,
1038 1577 1101 1622 non
1123 1557 1219 1622 multa
1240 1560 1383 1645 exempla
1405 1559 1537 1624 omissae
1558 1560 1726 1644 particulae
1748 1564 1949 1648 reperiantur.
1992 1561 2055 1627 Er-

416 1676 485 1728 rant
513 1673 616 1726 autem
645 1663 699 1746 qui
726 1662 804 1726 haec
832 1661 892 1724 alio
921 1682 1015 1724 sensu
1044 1661 1225 1747 accipienda
1248 1685 1316 1726 esse
1346 1664 1493 1739 doceant3
1527 1663 1587 1727 hoc
1610 1665 1691 1728 enim
1715 1689 1771 1751 pro
1794 1679 1878 1731 certo
1900 1667 2054 1732 affirmare

415 1769 523 1844 ausim,
547 1768 573 1835 si
595 1767 672 1852 quid
693 1767 732 1831 sit
755 1766 950 1842 discriminis,
973 1765 1086 1830 hocin
1109 1787 1146 1830 eo
1170 1764 1254 1830 cerni
1277 1788 1339 1828 non
1361 1749 1464 1851 posse,
1487 1764 1572 1849 quod
1593 1767 1695 1830 nudus
1718 1768 1872 1853 optativus
1895 1768 1960 1833 sine
1980 1791 2054 1832 con-

415 1871 536 1936 dicione
558 1869 776 1957 intelligendus
799 1871 847 1934 sit.
878 1869 938 1934 Est
959 1871 1010 1935 hic
1032 1891 1118 1934 error
1139 1869 1197 1949 riri
1219 1871 1346 1958 egregii,
1370 1869 1411 1936 G.
1426 1870 1609 1946 Hermann,
1634 1871 1687 1954 qui
1709 1871 1763 1956 (de
1786 1865 1914 1958 parnc'iv
1934 1872 2053 1957 p.160)

421 1975 524 2052 ,nudo
547 1975 685 2059 optativo
708 1973 885 2061 opinionem
908 1974 974 2039 sine
996 1974 1188 2051 condicione,
1214 1975 1351 2060 optativo
1374 1997 1444 2038 cnm
1465 1973 1617 2060 particula
1638 1969 1676 2041 ἄν
1696 1985 1798 2039 autem
1821 1997 2001 2061 suspensam
2018 1997 2056 2039 ex

419 2076 601 2142 condicione
623 2078 728 2162 aliqua
749 2078 927 2164 opinionem
949 2077 1136 2164 significari“
1160 2077 1244 2142 dicit.
1275 2075 1425 2164 Optativo
1444 2078 1525 2141 enim
1538 2078 1755 2164 cogitationem
1768 2088 1799 2142 et
1809 2078 1890 2143 hano
1900 2079 2000 2166 ipsam
2012 2079 2054 2142 ob

418 2203 542 2246 oausam
577 2182 670 2247 etiam
704 2182 880 2268 opinionem
913 2181 1081 2268 significari
1104 2180 1292 2245 Hermann.
1306 2192 1371 2244 orat
1404 2180 1570 2256 sententia,
1605 2203 1736 2264 quorum
1761 2191 1902 2245 neutrum
1925 2181 2053 2246 concedi

417 2296 529 2372 potest.
577 2286 766 2372 Repugnant
787 2295 946 2372 praeterea
968 2286 1044 2352 huie
1063 2288 1232 2352 sententiae
1254 2286 1274 2350 ii
1296 2286 1373 2363 loci,
1403 2287 1434 2348 in
1457 2284 1570 2369 quibus
1593 2284 1677 2347 nudo
1699 2285 1836 2369 optativo
1859 2284 2054 2347 enuntiatum

417 2390 661 2476 hypotheticum
674 2388 807 2452 additur.
852 2389 960 2455 Unum
982 2389 1108 2474 quidem
1131 2413 1248 2466 eorum,
1272 2387 1336 2456 Od.
1359 2386 1434 2453 VII.
1457 2387 1538 2452 314:

881 2500 968 2576 οίκον
989 2506 1027 2576 δέ
1048 2503 1074 2574 τ’
1098 2505 1160 2594 ἐγιδ
1180 2507 1232 2576 καί
1255 2503 1400 2596 κτήματα
1421 2509 1523 2596 δοίην,

727 2609 757 2680 εί
778 2609 804 2680 κ’
827 2609 953 2679 ε’θέίων
973 2633 1008 2698 με
1029 2611 1151 2696 μένοις·

417 2729 617 2798 Hermannus
639 2735 681 2798 ita
703 2734 854 2810 correxit,
888 2745 922 2799 ut
943 2739 995 2802 κέν
1016 2758 1073 2822 pro
1094 2733 1129 2801 τὲ
1152 2736 1317 2816 scriberet,
1352 2737 1406 2802 sed
1430 2747 1593 2824 supersunt
1614 2735 1680 2811 alii,
1714 2734 1766 2818 qui
1790 2731 1899 2798 eodem
1930 2733 2054 2798 nornine

416 2837 592 2926 corrigendi
614 2849 726 2904 essent.
772 2835 942 2916 luterens,
967 2861 1046 2926 quos
1067 2839 1134 2941 ipse
1157 2839 1201 2904 H.
1224 2842 1334 2920 attulit,
1357 2841 1489 2927 pertinet
1510 2839 1581 2904 huc.
1627 2837 1663 2902 Il.
1680 2833 1777 2900 XIX.
1802 2837 1879 2898 321:

880 2955 919 3026 οδ
941 2959 999 3042 μὲν
1019 2951 1081 3050 μίρ
1102 2985 1134 3027 τι
1156 2955 1339 3052 κακώτερον
1360 2955 1438 3028 ἄλλο
1462 2953 1623 3042 πάθοιμι·

568 3150 571 3160 .
727 3057 795 3132 οὐδ’
817 3065 848 3130 εί
865 3088 919 3132 κεν
939 3067 999 3130 τοῦ
1020 3059 1144 3154 πατρός
1165 3061 1412 3156 ἀποφθιμένοιο
1432 3062 1621 3150 πυθοίμην

572 3169 665 3234 Adde
689 3169 726 3234 ll.
749 3167 807 3234 lv.
834 3171 888 3234 18:

724 3286 756 3358 εί
776 3284 809 3355 δ’
833 3281 877 3360 αὖ
897 3312 970 3366 ποις
990 3284 1067 3360 τόδε
1089 3294 1171 3360 πᾶσι
1192 3292 1291 3381 φίλον
1314 3291 1367 3359 καί
1389 3282 1453 3378 ἡδί
1473 3286 1603 3376 γένοιτο,

723 3389 792 3482 ἠ’τοι
813 3393 872 3478 μέν
893 3392 1032 3462 οἰκέοιτο
1054 3390 1149 3470 πόλις
1170 3390 1334 3484 Πριάμοιο
1356 3387 1508 3470 ι’ίνοκτος·

569 3515 605 3578 ln
628 3507 694 3580 aliti
716 3517 876 3593 condicio,
911 3519 968 3582 etsi
991 3517 1095 3583 verbis
1117 3539 1265 3603 expressa
1286 3537 1349 3580 non
1372 3525 1435 3589 ost,
1465 3525 1566 3576 tamen
1591 3525 1695 3577 stota
1721 3511 1873 3576 sententia
1894 3511 1984 3576 facile
2005 3511 2053 3573 in-

415 3621 577 3708 telligitnr3
601 3619 640 3683 of.
673 3621 736 3686 Od.
760 3619 853 3684 vffl.
870 3621 948 3684 342:

725 3733 826 3826 σύτάρ
848 3735 929 3826 ἐμίν
950 3735 1082 3823 εὕδοιμι
1103 3733 1196 3826 παρέ
1216 3735 1335 3826 χρυσέη
1355 3713 1550 3824 Ἀφροδίτη·

416 3863 533 3950 optatio
556 3886 636 3947 quae
658 3862 829 3929 antecedit:
852 3861 889 3930 σί
905 3839 966 3952 ydp
986 3863 1083 3928 τοῦτο
1104 3857 1227 3948 γένοιτο
1250 3869 1281 3921 et
1303 3878 1383 3941 quae
1405 3867 1593 3940 sequunturt
1622 3855 1738 3938 δεσμοί
1765 3853 1823 3937 μέν
1851 3851 1919 3942 τρίς
1940 3847 2051 3918 τόσσοι

417 3994 445 4032 κ.
467 3993 495 4033 τ.
518 3967 545 4034 l.
568 3966 784 4034 condicionem
805 3967 837 4030 in
860 3989 894 4030 se
916 3965 1084 4032 continent.

571 4087 722 4152 Similiter
742 4087 780 4152 ll.
803 4085 933 4160 XXIV.
958 4087 1037 4152 213:

877 4211 937 4276 τοῦ
960 4203 1023 4295 s'yoi
1043 4205 1143 4292 μέσον
1164 4195 1255 4293 ἧπαρ
1278 4200 1381 4287 έχοιμι

724 4311 900 4396 ἐσθέμεναι
920 4314 1112 4400 προσφῦσα·
1133 4301 1195 4376 τότ’
1217 4301 1325 4374 ἄντιτα
1347 4303 1425 4392 ἔργα
1445 4302 1574 4388 γένοιτο.

572 4417 613 4482 ib.
638 4415 682 4480 X.
705 4421 784 4482 247:

725 4531 841 4604 τούτου
863 4529 891 4621 μ’
911 4532 1105 4618 ἑσπομένοιο
1124 4530 1181 4596 καί
1203 4527 1237 4596 ἐκ
1260 4524 1362 4616 nesle
1383 4523 1574 4610 αἰθομένοιο

725 4635 826 4730 diupo
848 4634 1068 4728 νοστήσαιμεν,
1091 4632 1166 4702 ἐπεὶ
1187 4629 1336 4718 περίοιδε
1357 4632 1510 4719 νοφῆσαιι

420 4765 575 4833 (lenltivls
597 4759 712 4832 τούτου
733 4757 760 4850 γ’
782 4761 974 4846 ἑσπομένοιο
996 4755 1139 4824 οοσδίσίο
1160 4753 1321 4820 indictum
