4508 5666
226 824 280 882 aut
301 815 368 882 lieri
389 813 550 900 cogitetur.
593 813 631 880 ln
652 817 787 904 priorem
809 837 944 883 errorem
967 815 1203 896 Eumenous
1224 816 1381 896 neuros,
1403 839 1443 882 ex
1463 817 1502 882 is
1521 831 1651 906 apparet
1663 839 1744 905 quae
1755 821 1859 886 addite

230 918 320 1000 „dese
343 941 405 982 von
426 917 498 984 dem
522 915 719 1007 Standpnnct
739 919 795 984 der
818 919 1036 986 Wirlsliobkeit
1062 941 1118 984 sus
1145 917 1312 984 beurtbeilt
1340 919 1390 984 die
1411 919 1549 988 Part'drel
1577 923 1635 988 der
1656 919 1859 1008 Objectivitltt

229 1022 304 1104 „des
325 1021 480 1088 ludicativ
501 1032 596 1087 etwas
617 1023 744 1100 nimmt,
778 1022 835 1088 der
857 1022 1075 1108 Subjectivitiit
1103 1021 1160 1086 des
1182 1020 1313 1108 Optatir
1335 1031 1430 1088 etuas
1459 1023 1561 1109 giebt,
1594 1024 1699 1090 indens
1731 1027 1777 1092 sie
1798 1026 1860 1092 don

109 1160 112 1166 ,
228 1114 384 1208 „emtores
405 1124 522 1190 Modus
545 1125 616 1190 dem
639 1123 772 1192 Gebieto
794 1126 850 1192 der
873 1125 1100 1211 Subjectivitiit,
1124 1123 1185 1188 den
1206 1124 1355 1190 lotateren
1377 1125 1449 1190 dem
1471 1126 1742 1213 derobjscfieat
1763 1130 1861 1196 nither
1982 1161 1986 1170 ·
2060 1151 2069 1165 ·

228 1228 347 1306 „rickt
369 1249 406 1294 so
428 1228 500 1294 dass
522 1227 612 1292 beide
635 1228 725 1294 Medi
746 1229 778 1294 in
800 1229 857 1294 der
878 1229 1086 1315 Verbindung
1107 1229 1163 1292 rnit
1184 1222 1225 1295 ἄν
1245 1229 1314 1294 eine
1336 1229 1598 1315 eigenfflbmlicbe
1621 1231 1766 1319 Stelluug
1786 1234 1861 1298 awi-

228 1331 343 1415 „soben
364 1332 466 1398 reiner
487 1329 691 1416 Objeetivit‘sit
711 1331 778 1397 und
798 1333 899 1398 reiner
922 1331 1142 1418 Subjeetirittit
1163 1331 1377 1398 eiunehmen.“
1422 1332 1542 1398 Addita
1558 1327 1861 1421 particulaobjecti·

227 1457 297 1500 vam
330 1434 489 1501 indicativi
519 1443 662 1500 naturam
694 1435 808 1512 minui,
843 1436 1034 1520 subjeotivae
1066 1446 1169 1502 autern
1201 1436 1332 1520 optdivi
1364 1436 1481 1522 aliquid
1510 1437 1583 1502 addi
1605 1439 1656 1503 nit.
1703 1437 1768 1504 Sed
1790 1451 1862 1504 ante

226 1539 331 1604 omnio
352 1538 510 1622 quomodo
532 1538 681 1604 booberi
702 1538 801 1624 possit
822 1538 1041 1626 explicandum
1063 1550 1146 1616 erat3
1169 1560 1231 1604 uon
1254 1539 1336 1604 enim
1358 1562 1415 1626 per
1435 1563 1469 1605 se
1491 1541 1680 1629 intelligitur,
1704 1542 1780 1626 quid
1802 1542 1861 1608 boc

213 1633 281 1720 'sit,
305 1643 394 1728 quod
412 1643 572 1727 utriusque
593 1643 678 1708 modi
699 1654 842 1706 nattuam
864 1642 994 1720 mutari,
1027 1642 1199 1728 optativum
1221 1642 1349 1728 propius
1371 1643 1412 1708 ad
1433 1644 1621 1730 objectiram
1645 1634 1881 1712 indicativiec'

226 1770 332 1814 rursus
365 1747 449 1812 buno
481 1747 522 1812 ad
544 1745 748 1830 subjectivam
777 1745 858 1812 illius
880 1745 1029 1810 accedere
1051 1745 1134 1810 dicit.
1178 1743 1318 1810 Lubrica
1350 1747 1432 1811 euim
1464 1769 1515 1814 rer
1548 1761 1596 1814 est
1628 1750 1691 1814 vim
1724 1748 1885 1814 voeatis-⁴

227 1853 326 1918 lorum
358 1851 590 1934 formarumque
618 1849 859 1934 discrepantiam
888 1849 932 1913 ita
964 1849 1135 1935 explicam,
1169 1860 1204 1912 ut
1238 1849 1279 1913 ad
1315 1851 1391 1915 tales
1430 1851 1590 1928 notiones,
1632 1851 1739 1935 quales
1772 1862 1861 1916 sonti

229 1953 378 2040 Setaung,
402 1953 637 2042 Wirklicbkeit,
661 1951 880 2037 Objectivitiit,
905 1949 1124 2035 Subjeotivitiit
1143 1965 1346 2027 revocentsu,
1367 1954 1426 2018 nisi
1448 1976 1500 2018 eas
1523 1965 1586 2018 tem
1607 1969 1751 2020 accurate
1771 1963 1862 2020 antea

229 2058 456 2144 exploraverim
486 2068 519 2122 ut
549 2079 588 2122 ne
617 2055 774 2122 minimam
798 2055 923 2138 quidem
946 2054 1339 2141 ambiguitatem-relictam
1362 2079 1430 2120 esse
1452 2057 1623 2144 intelligas,
1657 2057 1689 2122 id
1719 2058 1806 2143 quod
1827 2069 1862 2122 ut

227 2163 267 2228 ab
299 2162 367 2228 aliis
399 2163 442 2226 ita
473 2184 507 2234 a¹
524 2160 727 2226 Baeurnleino
755 2159 871 2242 sectum
903 2179 972 2222 esse
1004 2179 1095 2243 nego.
1140 2155 1246 2222 Veluti
1278 2159 1309 2222 in
1342 2158 1395 2224 illo
1418 2159 1541 2244 dequo
1564 2159 1761 2229 mododixi:
1797 2161 1862 2236 „als

228 2265 367 2330 wirlrlich
390 2271 514 2330 sonent
538 2283 601 2328 non
623 2262 726 2340 rideo,
748 2261 907 2346 quomodo
929 2259 969 2326 B.
996 2260 1073 2326 haec
1096 2261 1159 2326 duo
1181 2284 1244 2326 una
1264 2262 1389 2328 notione
1412 2262 1690 2350 comprehenderit
1735 2263 1862 2330 Obeoo-
1895 2269 1903 2291 ⁹
2000 2325 2004 2346 ,
2051 2236 2054 2245 ¹

228 2369 291 2436 rius
313 2368 405 2434 etiarn
428 2379 475 2432 est
495 2387 599 2451 neque
620 2387 658 2430 ea
677 2365 813 2442 udone,
836 2385 899 2450 qua
919 2363 958 2428 Β.
980 2373 1109 2430 conatus
1131 2374 1188 2442 est,
1211 2365 1399 2451 explicatam,
1421 2367 1580 2450 quomodo
1602 2365 1680 2431 baec
1701 2367 1803 2443 notio,
1835 2365 1863 2431 si
1905 2452 1914 2472 ·

227 2472 366 2556 quasit,
389 2493 461 2536 curn
483 2469 647 2534 modorum
669 2469 794 2534 notione
815 2468 964 2554 conjungi
986 2477 1089 2552 queat.
1134 2465 1207 2549 Qua
1227 2469 1267 2534 de
1296 2491 1330 2534 re
1351 2491 1448 2553 quum
1470 2469 1616 2538 slioloco
1630 2468 1769 2534 diottrrus
1791 2470 1860 2544 sinn

229 2597 311 2642 nuno
333 2575 393 2642 boc
415 2585 533 2640 tantum
556 2573 655 2650 addo,
678 2573 826 2660 singulari
848 2571 1002 2638 vocabulo
1024 2595 1088 2637 non
1110 2571 1208 2638 videri
1229 2572 1306 2636 mibi
1327 2572 1411 2636 illem
1433 2573 1590 2638 notionem
1612 2571 1745 2658 exprimi
1760 2593 1863 2660 posse2
1924 2575 1928 2588 ’
1960 2576 1964 2586 ’

230 2677 356 2746 Genera
377 2677 460 2742 enim
482 2676 715 2754 vocabulorum,
738 2677 876 2762 exeeptis
897 2676 1180 2762 interjectionibus,
1209 2699 1306 2760 quum
1328 2676 1389 2742 alia
1406 2685 1506 2754 certes
1520 2676 1663 2742 notiones
1679 2676 1863 2762 exprimant,
1920 2691 1925 2718 ‘

227 2781 288 2848 alia
307 2780 485 2848 notiosribus
514 2778 749 2856 accuratiusde
771 2773 959 2846 deliniendis¹
981 2780 1163 2857 inserviant,
1193 2779 1254 2844 elia
1281 2780 1423 2844 notiones
1449 2801 1486 2845 ac
1514 2780 1683 2846 sententiae
1704 2779 1864 2864 quomodo

226 2885 306 2950 inter
327 2906 361 2951 se
383 2885 567 2967 conjunctae
586 2884 649 2950 siut
668 2882 822 2959 indicent,
842 2883 916 2948 ‘alia
942 2882 1077 2967 denique
1104 2892 1201 2948 totam
1234 2883 1417 2948 sententiam
1449 2885 1499 2949 oni
1528 2885 1686 2950 adduntur
1713 2897 1766 2950 aut
1787 2905 1863 2948 con·

227 2989 351 3054 firment
386 3000 439 3053 aut
470 2987 632 3054 debilitent
665 3009 703 3054 ac
718 2987 862 3052 tdubiam
894 2985 1042 3062 reddant,
1075 2986 1180 3050 omnia
1210 2985 1305 3072 igitur
1331 2997 1436 3072 psrtes
1465 2988 1527 3052 sint
1562 2987 1732 3052 sententiae
1763 2988 1864 3074 msg'rs

228 3093 370 3158 minusve
392 3091 602 3158 necessariae:
623 3091 701 3156 nihil
718 3091 832 3158 horum
845 3113 885 3158 ea
893 3113 989 3176 quarn
1001 3089 1041 3154 B.
1052 3090 1210 3177 particulis
1232 3085 1270 3158 div
1291 3101 1322 3156 et
1343 3089 1397 3158 air
1410 3091 1519 3158 tribuit
1531 3093 1657 3158 notione
1673 3091 1862 3170 declaratum
1875 3098 1877 3108 '

226 3218 289 3262 non
310 3196 392 3260 enim
414 3195 455 3260 ad
477 3195 509 3260 id
531 3195 617 3281 quod
637 3196 808 3282 cogitabat,
831 3195 887 3261 sed
908 3195 949 3260 ad
970 3194 1069 3281 ipsam
1092 3193 1250 3280 cogitandi
1270 3194 1423 3260 actionem
1441 3195 1583 3280 pertinet,
1607 3195 1658 3260 otri
1678 3193 1862 3260 indicandae

227 3321 290 3364 nou
310 3297 480 3376 voeabula,
513 3299 570 3366 sed
598 3299 684 3366 modi
712 3298 897 3376 verborum,
931 3298 991 3364 nisi
1011 3297 1119 3374 fabor,
1152 3296 1270 3362 inventi
1291 3307 1372 3361 sunt,
1398 3333 1436 3346 -
1470 3297 1536 3363 Sed
1556 3297 1863 3384 praetermittendum
1911 3373 1918 3384 ¹

226 3425 289 3466 nou
311 3417 367 3478 est,
391 3401 627 3468 Bseumleiaum
650 3403 832 3468 sententiam
855 3425 960 3478 suam,
982 3399 1134 3488 particula
1154 3394 1193 3466 ἄν
1214 3399 1398 3465 santionem
1421 3400 1604 3487 significari,
1626 3399 1860 3466 loooDinarcbi

226 3504 312 3588 (adv.
334 3504 427 3570 Dent.
449 3507 473 3588 §.
496 3505 553 3588 68)
575 3504 750 3570 confirmari
771 3504 956 3570 existimare.
1001 3503 1066 3570 Ubi
1096 3527 1193 3588 quum
1221 3503 1299 3568 baec
1319 3503 1480 3590 legantur:
1506 3503 1540 3570 cl
1570 3502 1608 3570 dl
1629 3499 1684 3585 dr,
1716 3507 1862 3588 caisinos

163 3623 173 3646 ·
225 3607 287 3696 γὰρ
307 3613 427 3689 scira,
458 3605 513 3676 ἐᾶν
537 3603 622 3676 sord
649 3605 689 3677 sd
710 3602 930 3698 ψήφισματὸ
950 3605 1191 3696 Δημοσθένους
1219 3602 1343 3697 ἀπαιτῇ
1374 3607 1514 3696 πέμψας
1544 3602 1632 3698 ἡμᾶς
1647 3607 1862 3696 Ἀλέξανδρος

224 3709 263 3782 cti
284 3712 415 3802 munior
436 3747 477 3762 -·
498 3712 531 3780 et
552 3711 701 3802 e’poriper3
729 3713 826 3778 verba
846 3711 903 3776 illa·
921 3733 1001 3796 quae
1023 3711 1055 3774 in
1076 3711 1253 3796 parenthesi
1276 3713 1381 3780 addita
1403 3723 1491 3779 suntt
1513 3717 1658 3796 τιθῶμεν
1676 3709 1738 3802 γὰρ
1759 3717 1862 3782 rosim

225 3817 409 3904 explicando
431 3839 614 3904 praegresso
634 3809 674 3884 dir
694 3814 832 3882 adhibita
853 3835 921 3879 esse
935 3814 986 3880 sit
1031 3812 1103 3895 Qua
1120 3815 1152 3878 in
1174 3837 1208 3880 re
1229 3816 1354 3904 egregie
1376 3817 1472 3884 falsus
1493 3828 1549 3882 est.
1572 3815 1863 3904 Nulloenimpaoto

225 3921 267 3986 ad
287 3921 369 3986 banc
390 3922 581 4006 parricidam,
602 3919 671 3986 ¹aive
692 3939 762 3984 eam
783 3940 855 3982 oum
877 3917 1018 4001 sequenti
1041 3917 1138 3982 verbo
1155 3919 1188 3985 τί
1210 3917 1347 4004 ἐροῦμεν
1368 3919 1541 4006 conjungis,
1564 3919 1631 3984 sive
1650 3907 1772 4004 ’γένοιτο
1784 3919 1861 3985 sub·

226 4025 387 4111 intelligis,
421 4025 528 4090 referri
558 4033 699 4111 possunt.
742 4021 815 4088 Hoc
838 4021 886 4086 vel
908 4031 1074 4107 propterea
1094 4019 1161 4084 lieri
1183 4021 1306 4104 nequit,
1340 4021 1426 4105 quod
1458 4024 1484 4090 is
1513 4022 1567 4108 qui
1596 4023 1766 4112 interrogat
1794 4045 1858 4090 nou

183 4183 188 4200 .
225 4129 328 4194 sumit.
373 4127 505 4194 Etiamsi
527 4151 603 4196 vero
623 4149 687 4194 non
709 4125 926 4212 interrogatio,
953 4124 1010 4190 sed
1031 4121 1195 4188 affirmatio
1215 4124 1248 4188 in
1270 4125 1400 4210 apodoei
1422 4137 1521 4203 esset,
1555 4137 1658 4192 tamen
1687 4128 1740 4192 illa
1762 4127 1859 4192 verba

226 4233 266 4296 ad
288 4232 462 4298 membrum
485 4231 714 4298 condicionale:
748 4224 805 4296 e‘oir
826 4223 951 4316 α’παιτῇ
976 4221 1183 4316 Ἀλέξανδρος
1203 4227 1408 4316 pertinerent3
1438 4229 1500 4294 boc
1532 4231 1615 4295 enim
1645 4253 1683 4296 ea
1703 4251 1784 4315 qun
1805 4253 1860 4296 su·

227 4347 352 4402 uruntur
383 4336 415 4400 in
448 4355 483 4398 se
516 4335 662 4400 eontinet.
705 4332 772 4399 Neo
805 4334 977 4419 quidquam
1010 4331 1197 4398 difficultatis
1230 4333 1325 4400 babet
1355 4334 1442 4418 quod
1469 4335 1648 4420 conjunctio
1678 4330 1741 4424 γάρ
1763 4335 1858 4400 rerba

226 4442 370 4520 τιθῶμεν
389 4441 493 4506 ταῦτα
514 4436 554 4501 ad
575 4435 793 4522 praecedentia
820 4437 927 4503 referri
943 4435 1057 4522 jubere
1078 4437 1216 4513 videtur,
1247 4437 1280 4502 in
1307 4437 1356 4502 bis
1384 4437 1467 4502 enim
1489 4439 1679 4526 exspeomtio
1700 4437 1859 4523 maeatis

228 4543 396 4608 sententiae
417 4551 502 4606 mota
523 4550 579 4606 est.

377 4648 402 4730 ς.
425 4646 455 4712 3.
501 4643 695 4732 Signifimtio
727 4646 946 4734 puticrrlamm
980 4640 1019 4712 cir
1039 4657 1071 4708 et
1091 4643 1145 4712 κέν
1166 4654 1250 4708 arcte
1276 4666 1347 4710 curu
1370 4645 1535 4710 modomrn
1555 4641 1783 4728 significatione
1803 4663 1857 4708 oo·

227 4749 342 4813 haeret.
387 4748 453 4814 Sed
474 4749 621 4834 quoniam
643 4749 792 4837 longioris
814 4748 1029 4836 disputationis
1051 4759 1099 4812 ost
1130 4767 1231 4812 meatu
1254 4746 1293 4812 de
1315 4746 1363 4812 bis
1385 4745 1568 4815 smtentisn
1590 4765 1763 4832 expetam
1786 4743 1858 4810 bre·

814 4871 821 4878 .
1612 4847 1654 4911 11
