4508 5666
1083 625 1330 698 ..25-

378 831 497 910 θοινσ,
532 847 613 910 quoe
629 847 706 888 uon
735 824 878 912 magni„
892 824 1052 910 mofeeto,
1084 825 1128 890 ed
1158 825 1422 912 persuadendumx
1435 827 1583 894 blenslw
1597 831 1766 896 ”momenti
1794 832 1892 913 soret,
1926 836 1952 900 si
1973 836 2035 901 hoc

309 1008 311 1020 ,
382 931 477 994 modo
500 928 684 1015 accipienda
706 939 804 994 esset:
837 949 932 1015 parce
954 929 1048 1008 milri,
1071 941 1161 1015 pater
1182 929 1265 994 eninr
1286 951 1355 1006 me,
1386 931 1516 996 simulac
1537 943 1664 1018 captum
1687 953 1755 1000 esse
1777 938 1980 1024 compererit,
2001 939 2035 1004 id

380 1034 469 1120 quod
489 1034 555 1098 'vix
587 1035 730 1113 credam,
763 1057 879 1121 magna
911 1033 1047 1119 peotmia
1067 1031 1209 1098 redimet.
1255 1031 1316 1110 tlt,
1349 1055 1390 1098 ne
1410 1035 1473 1100 hoo
1495 1037 1653 1115 omittam,
1688 1039 1764 1124 quid
1786 1039 1934 1126 ponderis
1956 1043 2035 1108 haec

382 1139 481 1205 verba
501 1139 680 1216 habebunt,
703 1138 730 1203 si
752 1137 869 1202 omisso
890 1136 959 1218 κόν,
983 1147 1018 1202 ut
1039 1137 1186 1224 leguntur
1207 1137 1250 1202 ib.
1273 1136 1336 1214 Xl,
1363 1139 1441 1216 135,
1474 1139 1672 1206 incertiorem
1706 1143 1808 1206 etiam·
1832 1144 1950 1209 incerta
1981 1147 2035 1210 illa

378 1243 535 1308 sententia
567 1242 718 1308 declarari
750 1263 822 1306 cum
857 1241 1060 1306 Bammleino
1083 1241 1247 1306 dicamus?
1292 1240 1365 1305 lloo
1387 1242 1494 1319 euim,
1531 1245 1618 1327 quod
1640 1245 1801 1310 contendit
1824 1269 1852 1310 v.
1875 1247 1925 1325 d.,
1948 1249 2033 1314 nudo

380 1347 526 1433 optativo
543 1369 611 1411 rem
632 1345 756 1422 fictam,
787 1346 829 1410 de
850 1347 940 1430 cujus
963 1346 1093 1410 varitate
1112 1365 1155 1408 ne
1177 1344 1308 1431 cogitari
1330 1345 1458 1428 quidem
1470 1347 1594 1432 possit,
1628 1346 1736 1411 addita
1757 1357 1860 1413 antem
1882 1351 2034 1436 pmdoula

379 1453 414 1516 id
436 1451 614 1528 enunciari,
647 1450 734 1534 quod
763 1449 821 1514 etsi
843 1449 950 1514 lictum
984 1450 1040 1526 sit,
1073 1449 1140 1514 lieri
1164 1459 1268 1513 tamen
1290 1447 1459 1535 cogitetur,
1494 1471 1586 1515 nemo
1609 1472 1673 1514 non
1695 1452 1798 1528 videt,
1832 1451 2032 1520 tutissimum

379 1577 459 1620 erse.
505 1553 653 1640 Exempli
674 1554 776 1642 gratia
796 1563 920 1638 praeter
941 1551 1018 1616 alios
1040 1552 1127 1616 locos
1150 1551 1228 1616 haee
1250 1550 1348 1617 verba
1369 1551 1536 1617 Phoenicis
1558 1553 1659 1620 attulit
1681 1553 1734 1639 (Il.
1758 1555 1822 1633 IX,
1843 1559 1945 1641 444)=

693 1651 738 1734 oie
760 1651 799 1724 ὄιν
820 1649 924 1724 ἔπειτ’
944 1649 1012 1722 dud
1035 1660 1125 1736 σεῖο,
1146 1655 1243 1757 φίλον
1265 1652 1359 1730 τινος
1381 1649 1440 1721 oda
1463 1654 1613 1760 ἐθέλοιμι

691 1738 850 1824 inluso-9⁷,
874 1735 953 1821 ovd,
975 1735 1345 1850 areopolitanae,
1368 1739 1449 1816 θεᾶς
1470 1737 1580 1824 αὐτός,

325 1795 357 1873 ⁰
488 1870 492 1880 -
691 1831 846 1918 γῆρας
816 1825 883 1896 ἀπο
884 1823 988 1912 sigone
1009 1823 1124 1917 θήσειν
1147 1828 1215 1896 νέον
1237 1781 1392 1915 ἡβώοντα,

378 1934 533 2020 equibus
556 1934 660 2000 verbis
694 1933 882 1998 contrarium
916 1934 1020 2023 potius
1044 1955 1153 1996 verum
1186 1953 1255 1996 esse
1288 1931 1427 2020 colligas.
1472 1931 1654 2000 Etenim
1630 1957 1655 2000 ιι
1685 1957 1781 2018 quem
1810 1959 2030 2023 repuerascere

376 2060 470 2126 posse
492 2037 674 2114 credamus,
709 2037 785 2120 quid
818 2036 943 2100 tandem
967 2036 1034 2110 fieri
1067 2057 1159 2122 posse
1192 2034 1399 2122 negabimus?
1426 2034 1580 2126 ¹Quando
1614 2039 1708 2124 igitur
1740 2040 1844 2104 nudus
1874 2042 2030 2126 optativus

375 2143 481 2210 locum
502 2142 652 2208 habebit?
698 2141 763 2208 Sed
792 2141 885 2205 etiam
914 2139 1046 2204 aliorum
1076 2139 1216 2203 locorum
1240 2140 1431 2224 comparatio
1461 2163 1524 2204 non
1547 2141 1613 2206 sine
1636 2163 1730 2208 eausa
1753 2143 1802 2206 me
1826 2142 2030 2210 Baeumleino

377 2247 558 2313 oblocutunr
582 2267 650 2310 esse
672 2245 825 2336 ostendet.
851 2242 936 2338 'Qui
969 2243 995 2308 si
1018 2255 1101 2306 recte
1124 2243 1259 2318 diceret,
1289 2263 1352 2306 non
1374 2241 1475 2306 solum
1498 2245 1648 2329 explicari
1669 2270 1761 2334 posse
1784 2247 1865 2312 hano
1887 2259 2030 2314 constrn·
2161 2243 2167 2254 '

376 2353 511 2417 ctionem
534 2371 571 2415 ea
593 2372 687 2434 quam
710 2348 777 2412 iniit
800 2348 935 2423 rarione,
966 2345 1137 2410 sedetiam
1167 2361 1230 2409 tam
1253 2346 1460 2410 necessariam
1483 2369 1569 2425 esse,
1600 2360 1634 2413 ut
1662 2351 1723 2416 alia
1744 2373 1785 2418 ne
1807 2363 1880 2439 apta
1901 2355 2029 2438 quidem

375 2455 521 2521 habenda
551 2454 607 2529 sit,
641 2452 754 2516 mirum
777 2451 936 2537 profecto,
971 2450 1146 2528 videretur,
1181 2450 1267 2536 quod
1297 2450 1443 2518 amultis
1464 2452 1541 2518 locis
1563 2454 1653 2522 abest
1674 2458 1836 2540 partienda,
1860 2459 1891 2522 in
1915 2461 2029 2543 quibus

374 2559 485 2644 elege
507 2557 559 2621 illa
580 2551 728 2642 ponenda
749 2565 824 2620 erat.
869 2553 908 2617 In
931 2553 967 2616 ll.
992 2551 1092 2629 XIX,
1112 2554 1196 2616 321:

996 2650 1035 2724 ori
1040 2655 1113 2762 μὲν
1134 2649 1194 2744 γάρ
1216 2679 1247 2722 τι
1263 2650 1392 2726 νανώτε
1414 2683 1450 2726 σν
1471 2655 1552 2730 ἄλλο
1572 2656 1738 2748 πάθοιμι·

449 2785 456 2808 ι
583 2737 654 2814 σι”δ
675 2745 709 2813 εἲ
727 2769 780 2810 κεν
801 2747 860 2809 τσῦ
881 2767 1005 2862 παιρσς
1028 2737 1274 2830 αποφθιμένσισ
1297 2685 1476 2834 aviciam,

379 2849 562 2938 particulam
585 2849 629 2913 ait
650 2847 787 2912 additam
811 2871 897 2924 esse,
922 2849 996 2932 quia
1019 2849 1085 2914 fieri
1108 2871 1201 2934 posse
1224 2849 1395 2933 cogitetur,
1429 2862 1465 2916 ut
1494 2853 1647 2936 ejusmodi
1676 2854 1803 2918 nuntius
1827 2855 1950 2922 Achilli
1973 2877 2030 2942 per

374 2957 501 3022 seratur.
546 2953 705 3040 Compara
726 2951 890 3014 antemll.
915 2951 941 3026 Ι,
965 2952 1046 3015 255:

582 3047 611 3164 ἦ
625 3081 678 3122 κεν
700 3048 846 3156 γηθήσαι
868 3055 1024 3160 Πρίαμος
1045 3045 1210 3141 Πριάμοιό
1231 3079 1266 3120 νε
1288 3056 1417 3138 παῖδες,

580 3139 611 3211 εἰ
632 3145 739 3232 σφῶϊν
761 3135 838 3208 τάδε
861 3137 971 3209 πάντα
991 3143 1158 3210 πυθοίατο
1179 3141 1414 3224 μαρναμένοιϊν.

530 3246 650 3313 Curh.
673 3245 694 3309 l.
717 3245 805 3308 deest
827 3244 1000 3329 particula?
1043 3244 1126 3308 Num
1150 3243 1283 3309 dubitari
1307 3258 1446 3331 poterat,
1470 3245 1546 3332 quin
1569 3246 1698 3334 Trojani
1720 3249 1863 3314 nuntium
1894 3248 1933 3315 de
1957 3253 2026 3336 jur·

373 3352 433 3440 giis
467 3351 543 3428 illis,
579 3349 692 3434 quibus
716 3345 909 3413 Graecorum
944 3347 1099 3436 plincipes
1122 3349 1203 3412 inter
1225 3371 1257 3412 se
1281 3348 1528 3428 contendebant,
1563 3353 1721 3440 accepturi
1744 3355 1869 3418 essent?
1912 3353 2025 3438 Immo,

337 3536 339 3547 .
372 3455 630 3526 verisimillimum
654 3462 735 3528 erat,
759 3472 812 3515 eos
836 3463 1019 3536 accepturos
1042 3475 1119 3516 esse.
1166 3453 1217 3518 Of.
1239 3467 1401 3540 praeterea
1422 3453 1460 3518 Il.
1484 3453 1579 3532 Xll,
1603 3455 1664 3519 205
1689 3480 1777 3544 sqq.:

532 3617 535 3624 .
579 3552 657 3634 τσιῖς
679 3549 741 3639 riu
763 3551 921 3662 ὀψομένη
945 3549 1214 3642 καίσφ’ὶὶιιρινα
1238 3549 1465 3625 cristallino

583 3641 612 3712 el
634 3645 727 3710 κείνω
749 3635 783 3749 y'
799 3641 929 3710 ἐπέεσσι
941 3645 1250 3748 παραιπεπιθοῦσα
1272 3645 1371 3732 φίλον
1391 3647 1452 3731 κῆρ

578 3728 625 3808 εἷς
647 3755 682 3796 ει
685 3755 740 3838 νην
762 3725 911 3813 ἀνέσαιμι
934 3724 1151 3840 ὀμωθῆνσισ
1153 3725 1274 3797 ιλότι

579 3814 642 3884 ciel
663 3815 699 3882 κέ
722 3835 783 3904 σφι
805 3817 887 3904 φίλη
910 3839 945 3884 σε
967 3816 1023 3884 καὶ
1039 3780 1158 3903 aldoin
1124 3753 1360 3902 szldlppa

530 3936 644 4002 Nihil'
636 3959 668 4000 ιιι
690 3937 739 4000 his
763 3936 895 4001 verbis
886 3948 983 4015 mest,
1006 3937 1091 4001 unde
1111 3937 1271 4002 lunonem
1294 3938 1444 4024 suspicari
1468 3950 1636 4024 appareat,
1670 3939 1737 4003 fore
1759 3951 1793 4003 ut
1815 3941 1864 4019 id,
1888 3940 1973 4026 quod
1996 3941 2025 4006 ei

374 4041 570 4132 propositum
594 4049 675 4114 erat,
710 4054 744 4102 ιιι
765 4039 889 4122 Thelyn
914 4061 985 4104 cum
1009 4041 1140 4107 Oceano
1162 4042 1394 4118 reconciliaret,
1427 4061 1538 4125 pamm
1572 4038 1632 4104 sibi
1665 4043 1823 4126 procedat.
1848 4043 2024 4127 -Itaque

372 4145 504 4216 concedi
532 4165 596 4207 non
618 4155 739 4230 potest,
772 4143 945 4228 optativum
974 4143 1007 4206 in
1040 4142 1090 4208 hie
1122 4145 1199 4208 locis
1232 4145 1384 4230 particula
1405 4167 1469 4209 non
1491 4146 1630 4231 potuisse
1652 4169 1776 4226 carere3
1810 4171 1904 4235 quam
1937 4147 2025 4232 quod

245 4259 250 4266 '
371 4253 493 4322 eddidit
513 4250 579 4314 fere
591 4247 816 4326 Homerus,
789 4271 818 4312 er
840 4269 894 4332 qur
905 4247 1113 4332 reputarent
1135 4261 1244 4334 poetas
1260 4249 1366 4334 epicos
1381 4249 1558 4313 interiorem
1575 4251 1798 4317 sententiarum
1818 4273 1933 4316 nexum
1952 4273 2025 4336 pan·

370 4356 491 4460 ticulie,
514 4374 646 4438 quarum
669 4373 784 4437 magna
805 4351 836 4414 in
853 4371 924 4413 eum
939 4347 1034 4412 finem
1051 4349 1143 4434 copia
1156 4361 1301 4428 utuntur,
1325 4351 1442 4435 ubique
1458 4351 1523 4415 fere
1539 4351 1724 4438 significare,
1749 4355 1860 4421 mirum
1876 4376 1938 4418 non
1955 4353 2023 4420 erit.

529 4460 784 4525 Consentaneum
807 4469 871 4533 est,
900 4453 1033 4520 similem
1057 4477 1126 4520 esse
1148 4456 1240 4540 liujus
1262 4477 1338 4520 usne
1361 4459 1393 4520 in
1426 4457 1629 4522 adnectendis
1660 4459 1818 4522 sententiis
1841 4457 2024 4522 varietatem

373 4566 419 4646 ei,
442 4567 482 4632 de
506 4585 569 4650 qua
591 4583 686 4647 supra
708 4559 849 4645 exposui.
894 4559 965 4624 Etsi
988 4561 1070 4624 enim
1092 4561 1264 4644 particulae
1290 4571 1429 4646 potestus
1455 4561 1576 4646 ubique
1606 4563 1715 4626 eadem
1739 4573 1801 4640 est,
1836 4561 1897 4626 alia
1918 4573 2022 4626 tamen

334 4699 336 4704 ¹
371 4673 404 4738 m
427 4671 496 4735 aliia
517 4667 593 4732 locis
616 4665 736 4730 ratione
768 4663 808 4726 ad
831 4663 1065 4728 antecedentem
1089 4663 1273 4728 sententiam
1295 4664 1430 4750 respicit.
1475 4661 1526 4729 Ao
1548 4665 1777 4752 simplicissima
1799 4677 1845 4729 est
1867 4665 1963 4744 ratio,
1997 4665 2024 4730 si

373 4774 529 4840 antecedit
552 4769 718 4858 opodosls3
740 4767 877 4832 declarat
900 4767 983 4832 enim
1006 4768 1033 4831 is
1055 4769 1108 4852 qni
1132 4769 1278 4851 loquitur,
1301 4767 1416 4832 sentire
1436 4787 1481 4844 se,
1505 4791 1542 4833 ea
1557 4789 1638 4852 quae
1653 4767 1784 4844 dixerit,
1807 4769 2022 4833 scandicione

372 4897 527 4964 mrpense
545 4893 634 4948 ease,
657 4885 691 4936 ut
711 4873 743 4936 in
767 4867 804 4936 ll.
829 4871 854 4950 1,
878 4872 919 4936 ott
940 4891 1009 4954 sq.:
