4508 5666
1100 596 1349 668 „10-

712 796 770 866 καί
790 819 844 866 κεν
863 796 898 874 ές
922 792 971 886 ἠῶ
992 797 1063 866 δῖαν
1085 793 1295 887 ἀνασχοίμην,
1320 791 1373 866 ὅτε
1394 820 1452 880 μοι
1473 789 1514 864 ori

713 900 828 988 τλαίης
850 899 883 966 ἐν
904 895 1034 988 μεγάρῳ
1055 897 1097 968 ad
1118 898 1160 970 od
1180 895 1283 990 κήδεα
1304 893 1541 987 μυθήσασθαι·

559 1021 723 1098 Alcinous,
746 1041 810 1105 qno
832 1023 983 1105 majorem
1006 1023 1071 1088 vim
1094 1022 1230 1087 habeant
1250 1044 1289 1086 ea
1310 1020 1417 1098 verba,
1440 1018 1554 1104 quibus
1576 1018 1673 1098 illum,
1697 1031 1731 1084 ut
1747 1043 1874 1087 narrare
1891 1031 2046 1110 pergeret,

396 1125 585 1192 exhortatus
616 1134 681 1201 est,
713 1123 845 1189 libenter
878 1124 971 1203 dicit,
1005 1147 1039 1190 se
1061 1125 1189 1191 Ulixem
1221 1134 1399 1190 narrantem
1431 1145 1531 1208 nsque
1562 1122 1602 1186 ad
1630 1123 1732 1188 lucem
1762 1125 1939 1190 auditurum
1968 1145 2047 1190 esse.

402 1229 494 1298 Haeo
525 1228 701 1316 posteriora
732 1227 830 1293 verna
860 1228 955 1315 igitur
987 1229 1240 1295 ecohortatione
1269 1229 1322 1294 illa
1343 1228 1501 1304 oriuntur3
1534 1225 1582 1302 iis,
1616 1247 1697 1310 quae
1719 1225 1824 1290 addit:
1855 1223 1907 1295 tire
1928 1250 1986 1310 μοι
2007 1219 2048 1296 ori

397 1333 516 1424 τλαίης
537 1361 567 1400 κ.
586 1358 614 1400 τ.
635 1323 664 1399 λ.
687 1331 839 1398 sententia
860 1353 968 1398 eorum
991 1353 1073 1418 quae
1093 1332 1297 1397 antecedrmt:
1320 1325 1362 1398 cri
1385 1331 1421 1397 δέ
1441 1352 1500 1414 μοι
1522 1329 1593 1418 λέγε
1614 1329 1756 1399 θέσκελα
1778 1328 1855 1420 ἔργα
1869 1332 2026 1418 repetitur.

558 1437 640 1502 XII.
664 1437 745 1502 286:

716 1538 752 1607 έκ
775 1543 894 1608 νυκτῶν
916 1536 945 1606 d'
968 1535 1080 1624 ἄνεμοι
1101 1539 1248 1624 χαλεποί,
1270 1533 1443 1628 δηλήματα
1462 1543 1546 1626 νηῶν

713 1643 883 1731 γίγνονται·
905 1647 953 1732 τεῇ
974 1642 1027 1711 κέν
1047 1636 1302 1732 τιςιιίττέκφυγοι
1323 1638 1423 1710 αἰπύν
1443 1639 1589 1730 έλεθρον,

714 1743 752 1836 ἢν
775 1741 847 1826 lawe
869 1747 1023 1837 ἐξαπίνης
1045 1745 1128 1836 ἔλθη
1151 1745 1283 1829 ἀνέμοιο
1306 1739 1439 1814 θύελλα.

558 1865 778 1953 Eurylochus,
809 1867 863 1932 ubi
892 1843 921 1933 ei
950 1869 982 1932 in
1004 1879 1140 1933 mentem
1163 1867 1248 1932 venit
1269 1865 1493 1952 periculorum,
1524 1887 1604 1949 quae
1626 1877 1778 1930 nocturno
1801 1877 1940 1954 tempore
1962 1867 2050 1932 navi-

401 1969 551 2061 gantibus
573 1971 766 2050 immineant,
789 1972 902 2068 statim,
924 1993 964 2035 ne
985 1973 1114 2058 perituri
1136 1971 1212 2048 sint,
1236 1969 1353 2034 metuit.
1399 1965 1573 2049 Quoniam,
1607 1970 1724 2054 inquit,
1755 1971 1837 2035 venti
1861 1982 1955 2036 noctu
1977 1971 2051 2035 oriri

402 2074 515 2152 solent,
537 2074 711 2139 verendum
733 2084 790 2152 est,
813 2096 852 2168 ne
874 2087 1057 2162 tempestate
1080 2077 1213 2140 excitata
1235 2072 1434 2159 naufragium
1456 2073 1619 2157 patiamur.

560 2177 640 2242 XV.
662 2178 744 2242 435:

715 2281 765 2370 εἴη
787 2305 841 2348 κεν
861 2281 914 2347 καί
936 2277 1029 2362 τοῦτ’,
1052 2281 1084 2348 εί
1102 2303 1161 2364 μοι
1183 2278 1327 2348 ἐθέλοιτέ
1348 2302 1393 2364 γε,
1419 2283 1541 2362 ναῦται,

716 2379 802 2475 ὅρκῳ
824 2387 1036 2471 πιστωθῆναι,
1058 2375 1213 2472 ἀπήμονά
1233 2377 1268 2466 μ’
1288 2375 1390 2450 οἴκαδ’
1412 2375 1563 2464 ἀπάξειν·

558 2503 676 2569 Mulier
696 2503 901 2568 fraudulentis
922 2505 1117 2575 Phoenicum
1140 2503 1243 2569 verbis
1265 2501 1445 2590 persuaderi
1469 2501 1528 2567 sibi
1550 2501 1681 2588 patitur3
1704 2501 1808 2594 itaque
1826 2501 1904 2566 hoc:
1927 2501 1977 2589 εἴη
1998 2524 2052 2567 κεν

378 2608 579 2678 ’καὶτοῦτο
601 2609 643 2674 ad
665 2632 711 2688 ea,
733 2631 814 2693 quae
834 2608 879 2673 illi
900 2609 1118 2694 promiserunt,
1140 2606 1183 2670 ita
1204 2605 1401 2673 referendum
1422 2620 1479 2687 est,
1505 2621 1540 2673 ut
1562 2631 1601 2674 ex
1622 2609 1670 2674 his
1693 2610 1768 2697 ipsis
1786 2609 2051 2676 coueiliumsuum

404 2735 564 2778 unacum
586 2713 646 2778 illis
668 2713 700 2778 in
721 2712 852 2800 patria'm
875 2712 1027 2776 redeundi
1049 2723 1150 2776 ortum
1174 2729 1242 2774 esse
1268 2710 1359 2776 dicat.

491 2867 502 2888 ,
562 2813 692 2880 XVIII.
716 2815 796 2880 357:
1361 2871 1362 2878 ,

717 2911 786 3001 ξεῖν’
809 2903 832 3006 ἦ
853 2913 893 3006 ἄρ
915 2911 943 2982 κ’
965 2915 1091 2992 ἐθέλοις
1113 2912 1301 3005 θητεύεμεν,
1324 2912 1404 2987 εἴτ’
1422 2916 1609 3008 ἆνελοίμην,·

563 3038 655 3104 Haec
683 3038 781 3104 verba
801 3037 994 3122 Eurymachi
1022 3037 1063 3102 ad
1084 3039 1285 3116 sententiam,
1314 3061 1408 3123 quam
1431 3050 1522 3105 untes
1545 3053 1650 3108 mente
1672 3052 1868 3128 conceperat,
1890 3040 2052 3106 reserenda

405 3163 496 3220 esse,
523 3143 593 3228 jam
624 3142 777 3229 particula
809 3134 873 3230 ripa
902 3140 1003 3205 docet.
1047 3140 1176 3206 Ulixem
1205 3142 1299 3220 enim,
1329 3163 1422 3227 quem
1451 3144 1657 3209 mendicando
1680 3146 1797 3213 victum
1820 3145 1881 3211 sibi
1903 3165 2052 3230 quaerere

405 3245 539 3326 viderit,
568 3246 791 3312 mercenariam
814 3266 959 3330 operum,
989 3245 1106 3330 siquis
1128 3267 1200 3310 enm
1223 3245 1434 3314 conducturus
1456 3248 1513 3324 sit,
1535 3257 1763 3333 praestaturum
1786 3271 1871 3326 esse,
1894 3269 1928 3314 se
1950 3246 2052 3334 suspi-

407 3351 475 3418 cari
496 3350 556 3416 ait·

564 3453 603 3520 Il.
624 3452 684 3520 VI.
707 3457 765 3518 47:

716 3551 825 3624 πολλὰ
847 3551 879 3620 tl'
903 3551 935 3643 έν
956 3547 1089 3642 ἇφνειοῦ
1110 3548 1235 3640 πατρὸς
1256 3545 1406 3641 κειμήλια
1428 3560 1534 3622 κεῖται

721 3652 840 3740 χαλκός
861 3681 897 3724 τε
917 3653 1040 3742 χρυσός
1061 3679 1096 3722 τε
1118 3651 1324 3746 πολυκμητός
1345 3680 1380 3723 τε
1403 3657 1553 3748 σίδηρος·
1680 3711 1684 3721 .

717 3765 781 3828 τῶν
801 3760 853 3830 κέν
874 3782 925 3828 τοι
947 3759 1115 3849 χαρίσαιτο
1137 3754 1245 3847 πατήρ
1268 3751 1424 3846 ἀπερείσι’
1447 3755 1574 3828 ίττοινα.

565 3883 738 3960 Adrastus,
768 3905 864 3967 quum
885 3881 982 3968 patrie
1004 3879 1126 3945 divitias
1149 3891 1388 3957 commemorat,
1413 3881 1480 3964 jam
1503 3891 1594 3946 antea
1615 3881 1701 3967 quod
1722 3902 1806 3946 nunc
1827 3882 1914 3947 addit
1935 3883 2052 3969 cogita·

409 3984 497 4050 tione
518 3986 671 4072 concepit,
695 4009 729 4050 se
750 3985 789 4050 ab
812 3984 864 4050 illo
885 3984 1061 4048 redemtum
1082 3981 1129 4046 iri.
1175 3980 1226 4046 Of.
1245 3981 1291 4047 X.
1315 3983 1378 4046 380
1400 3981 1463 4048 XI.
1485 3985 1559 4048 134.

564 4087 663 4182 XIII.
685 4089 764 4154 377:

724 4202 906 4298 Ὀθρυονεῦ,
928 4207 1003 4295 πέρι
1025 4202 1066 4297 (λη’
1088 4231 1126 4277 σε
1146 4212 1273 4296 βροτῶν
1293 4203 1432 4290 αἰνίζομ’
1454 4203 1610 4290 ἁπάντων,

724 4311 755 4382 εἰ
777 4309 863 4380 ε’τεόν
885 4299 926 4399 δη
948 4305 1055 4382 πάντα
1074 4304 1283 4400 τελευτήσεις,
1305 4306 1354 4379 ὅτ’
1375 4306 1519 4400 ὖτιέστης

723 4415 911 4505 Δαρδανίδη
936 4410 1091 4502 Πριάμῳ·
1114 4407 1132 4480 d
1153 4409 1184 4480 δ’
1206 4409 1365 4496 ὑπέσχετο
1385 4413 1548 4500 θυγατέρα
1569 4406 1620 4500 ἢν·

723 4519 777 4588 καί
798 4519 833 4584 κέ
858 4543 905 4586 τοι
926 4514 1022 4607 ἡμεῖς
1042 4514 1147 4586 ταῦτα’
1168 4511 1197 4604 γ’
1218 4511 1438 4600 ὑποσχόμενοι
1458 4516 1658 4598 τελέσαιμεν·

1288 4621 1319 4686 εί
1339 4643 1376 4686 κε
1396 4617 1455 4687 ουκ
1476 4616 1573 4706 ἄμμιν

723 4719 817 4796 Ἰλίοο
839 4725 997 4816 ἐκπέρσῃς
1017 4717 1221 4810 τέκαιέμενον
1242 4725 1457 4811 πτολίεθρον·
