4508 5666
929 615 1182 692 ...25-

538 812 699 889 ιίοοάοω
721 841 757 888 ιιι
779 812 949 902 λάβοιμεν,
970 815 1147 906 ἐελποίμην
1168 841 1223 886 aar
1239 810 1395 900 manoe

446 978 449 988 ,
541 917 693 1005 adame
713 925 797 1010 νηῶν
818 915 1015 1007 &edimur
1035 917 1192 990 ὠκειάων.

385 1011 492 1109 Quum
526 1028 637 1095 eadem
669 1026 823 1094 enuntia
844 1025 981 1110 primum
1002 1027 1223 1110 conjunctivo,
1253 1023 1369 1094 deiude
1402 1024 1541 1110 optativo
1563 1027 1729 1092 mancine
1760 1030 1819 1102 sit,
1855 1028 1887 1092 in

230 1153 322 1198 versu
347 1134 405 1198 191
431 1155 503 1200 cum
526 1129 711 1198 Aristarcho
731 1123 831 1218 ὄφρα
843 1121 995 1212 λάβοιμεν
1015 1129 1185 1215 legendum
1206 1149 1277 1194 esse
1298 1138 1423 1205 οοιιοίι
1445 1127 1533 1192 addit
1554 1139 1670 1205 auten,
1691 1129 1788 1194 οάιια
1803 1131 1836 1196 si
1851 1153 1889 1196 ac

229 1234 305 1306 torn·
337 1255 452 1322 posse,
487 1233 644 1302 confidere
666 1233 749 1300 euim
770 1253 855 1300 utrae
877 1229 1068 1311 Hectorem,
1101 1255 1137 1298 se
1158 1233 1315 1298 vicanum
1334 1253 1422 1310 esse,
1456 1232 1511 1316 qrri
1536 1233 1631 1318 penlo
1655 1232 1756 1310 inire,
1788 1255 1902 1316 quum¹

230 1335 372 1404 Nestoris
394 1337 474 1402 scuti
495 1359 533 1402 ac
551 1335 721 1402 Diomedis
753 1335 867 1402 loricae
889 1334 922 1400 iu
945 1341 1082 1402 meritam
1105 1337 1258 1414 venisset,
1292 1336 1342 1400 lais
1364 1326 1487 1402 verbius
1520 1333 1552 1402 ιί
1580 1328 1687 1403 rodere
1714 1359 1753 1403 ιιι
1775 1331 1888 1420 λάβοι-

231 1463 292 1526 μνν
313 1461 385 1507 eum
407 1439 601 1508 dubitatione
623 1439 745 1524 alique,
768 1461 894 1524 sperare
916 1461 968 1516 se,
998 1439 1083 1516 l'ore,
1114 1451 1149 1504 ut
1170 1461 1208 1504 ee
1230 1461 1343 1525 capere
1364 1439 1479 1524 possit,
1503 1439 1668 1526 significet.
1714 1439 1782 1505 Sed
1802 1440 1888 1504 hune

232 1544 337 1608 locum
359 1565 423 1608 nou
445 1554 530 1613 reete
552 1543 726 1628 inspexisse
750 1543 873 1611 videtu·
895 1566 925 1608 v.
949 1543 980 1608 d.
1026 1541 1242 1611 verberiae
1264 1537 1419 1627 λάβωμεν
1439 1565 1504 1607 nou
1524 1565 1619 1628 posse
1641 1544 1682 1609 de
1703 1543 1765 1610 alia
1787 1545 1886 1610 vieto·

230 1647 277 1712 ris
308 1647 438 1733 intelligi
461 1669 556 1733 quam
589 1648 629 1712 de
662 1669 718 1724 ea,
749 1657 833 1731 quae
854 1645 903 1712 his
926 1646 1048 1722 verbis,
1081 1645 1254 1714 iudicatum:
1287 1638 1417 1714 άσπίδα
1438 1647 1621 1736 Νεστορέην
1649 1657 1681 1712 et
1712 1641 1808 1716 αὗταί
1831 1642 1885 1715 ἀπ’

234 1743 346 1832 ὤμοιϊν
368 1747 555 1836 Διομήδεος
577 1741 755 1816 δαιδάλεον
774 1744 925 1839 θώρηκα,
946 1753 1015 1838 ipsa
1037 1749 1310 1816 orationislbrma
1332 1751 1441 1828 docet;
1471 1751 1611 1836 pendent
1632 1751 1715 1816 enirn
1738 1749 1771 1816 hi
1794 1771 1888 1816 accu-

233 1852 324 1918 sativi
346 1875 363 1918 e
386 1853 483 1918 verbo
506 1847 664 1938 λάβωμεν.
708 1852 820 1940 Itaque
850 1855 889 1919 de
917 1875 951 1918 re
981 1869 1110 1941 prorsus
1140 1855 1249 1918 eadem
1280 1847 1431 1938 λάβωμεν
1459 1863 1490 1918 et
1519 1847 1676 1938 λάβοιμεν
1698 1853 1886 1918 dictasunt.
1995 1877 1998 1893 ’

231 1955 347 2020 Attulit
369 1955 407 2020 B.
430 1967 592 2042 praeterea
613 1956 672 2022 hos
694 1957 798 2021 locos:
822 1957 859 2024 11.
883 1956 946 2035 IX,
971 1959 1031 2022 135
1056 1979 1143 2042 sqq„
1166 1957 1221 2022 nbi
1244 1957 1481 2046 Agamemnon,
1510 1967 1678 2043 postquam
1700 1957 1770 2047 ‚hoc
1793 1955 1888 2021 diuite

321 2099 323 2104 ,
1054 2057 1084 2127 ei
1102 2059 1139 2127 δί
1161 2083 1214 2126 νον
1235 2052 1313 2128 αὖοι

596 2157 676 2230 doto
690 2149 782 2247 ’μέγα
802 2158 965 2252 Πριάμοιο
987 2163 1065 2230 θεοί
1087 2156 1196 2230 δάωο’
1217 2157 1393 2248 ἀλαπάξαι,

593 2269 654 2353 νῆα
675 2263 751 2345 &aar
771 2269 894 2352 χρυσοῦ
915 2265 967 2332 καί
990 2269 1113 2350 χαλκοῦ
1134 2265 1317 2356 νηησάσθω
1338 2294 1368 2336 ιι.
1389 2293 1418 2336 ι.
1440 2267 1468 2334 ί.

237 2389 330 2434 versu
354 2369 414 2432 141
438 2367 542 2432 addit:

445 2468 477 2537 sl
500 2471 537 2539 δί
558 2469 742 2562 νινἎρχος
762 2470 906 2560 ἱκοίμεθ’
927 2467 1101 2560 Ἀχαιϊκόν,
1124 2464 1234 2562 οὖθαρ
1257 2470 1416 2564 άροάρης,

448 2568 597 2663 χάμβρος
619 2575 672 2641 xic
693 2601 749 2659 μοι
771 2574 829 2646 ἔοι.

391 2677 553 2742 Dissentio
573 2699 646 2742 cum
669 2679 890 2758 Baeumlelno‚
925 2681 978 2766 qui
1012 2693 1178 2770 propterca
1201 2681 1396 2748 Graecorum
1428 2683 1562 2748 reditum
1595 2682 1791 2747 incertiorem
1823 2703 1893 2746 esse

237 2803 330 2868 quam
353 2780 468 2865 Trojae
490 2780 663 2859 excidium,
695 2783 787 2861 dicit,
821 2783 907 2868 quod
930 2797 1071 2871 tempore
1092 2786 1154 2850 hoe
1177 2785 1349 2850 antecedat.
1395 2785 1539 2872 Apparet
1560 2786 1660 2862 enim,
1690 2785 1717 2850 si
1740 2787 1823 2850 duae
1842 2807 1893 2849 res

235 2887 278 2951 ita
301 2885 503 2962 cohaereant,
526 2897 561 2949 ut
584 2881 767 2950 alteratum
790 2889 934 2966 demum,
969 2889 994 2954 si
1017 2889 1115 2957 altera
1135 2889 1219 2956 facta
1241 2893 1297 2970 sit,
1335 2891 1405 2956 fieri
1426 2889 1596 2978 cogitetur,
1631 2889 1730 2965 hanc,
1754 2889 1812 2952 nisi
1837 2885 1892 2952 ad·

161 3025 167 3046 t
236 2991 301 3056 dite
322 2990 383 3053 alia
404 2988 588 3053 condicione
611 2988 838 3076 adstringetur,
862 3013 902 3056 ex
924 2992 977 3056 illa
997 2992 1098 3060 solum
1120 2995 1259 3082 pendere
1281 3015 1384 3080 neque
1407 3015 1455 3071 eo,
1479 2993 1564 3078 quod
1583 3003 1724 3079 tempore
1739 2991 1894 3078 posterior

236 3094 292 3172 sit,
315 3093 512 3158 incertiorem
536 3115 613 3157 esse.
660 3091 715 3158 Sic
737 3117 821 3160 nunc
843 3095 876 3159 in
899 3097 1147 3182 Agamemnonis
1170 3098 1309 3162 oratione
1332 3097 1408 3162 nihil
1439 3108 1503 3176 est,
1536 3095 1621 3161 unde
1654 3119 1726 3162 eum
1748 3096 1893 3162 dubitare
1921 3086 1925 3096 ’

237 3197 438 3284 colligamus,
473 3218 547 3260 num
571 3194 668 3282 Troja
701 3197 805 3264 deleta
838 3197 953 3264 Graeci
987 3199 1019 3264 in
1051 3201 1184 3287 patriam
1217 3201 1319 3266 redire
1353 3201 1483 3290 possint.
1535 3199 1664 3265 Poterat
1697 3221 1771 3266 sane
1801 3199 1830 3264 ei
1860 3199 1893 3263 in

237 3315 372 3366 mentem
397 3299 520 3376 venire,
549 3291 702 3366 incertum
725 3302 785 3368 hoo
809 3326 877 3368 esse
898 3316 1027 3392 propter
1048 3314 1249 3390 tempestates
1271 3305 1393 3388 alisque
1415 3303 1624 3390 navigationis
1646 3304 1801 3390 pericula3
1836 3301 1893 3368 sed

226 3403 413 3470 'cavendum
436 3421 499 3480 est,
534 3427 573 3468 ne
596 3404 672 3489 quid
695 3419 877 3492 propterea,
913 3409 998 3494 quod
1020 3431 1077 3496 per
1099 3430 1133 3471 se
1155 3407 1286 3494 cogitari
1307 3407 1424 3494 possit,
1458 3429 1477 3470 a
1505 3417 1599 3492 poeta
1628 3407 1797 3494 cogitatum
1822 3427 1892 3471 esse

237 3509 388 3574 dicemus.
433 3507 523 3572 ldem
546 3508 630 3572 valet
659 3508 698 3572 de
731 3508 818 3587 loco,
854 3511 908 3596 qui
940 3512 1055 3600 legitur
1077 3509 1139 3588 IX,
1163 3509 1238 3574 365.
1284 3507 1420 3574 Gravior
1452 3511 1545 3574 etiarn
1579 3531 1666 3574 error
1701 3507 1894 3575 Baeumleini

237 3624 301 3688 est,
325 3612 412 3696 quod
435 3612 466 3676 in
488 3613 537 3676 his
562 3611 665 3677 verbis
688 3611 767 3685 (Od.
790 3613 885 3690 VIII,
908 3615 1003 3699 352):

548 3721 620 3795 πῶς
642 3711 681 3786 δν
701 3711 764 3804 ἔχω’
785 3741 822 3784 σι
845 3715 954 3801 δέοιμι
975 3712 1043 3800 μετ’
1066 3711 1260 3786 ἀθανάτοισι
1281 3723 1419 3798 θεοῖσιν,
1486 3742 1491 3752 ’
1613 3765 1621 3774 -

548 3823 580 3890 εί
599 3845 652 3889 κεν
662 3817 767 3912 ’Ἄρης
788 3823 927 3907 οίχοιιο,
948 3821 1044 3908 χρίος
1065 3822 1118 3888 ναί
1139 3818 1263 3908 δισμδν
1284 3815 1425 3904 eligam

209 3971 214 3974 -
241 3925 296 3994 ubi
319 3925 406 3992 deest
429 3927 661 4010 conjunctivus,
687 3947 826 4009 quocum
846 3925 1004 4012 optativus
1027 3927 1203 4012 compnari
1223 3926 1340 4014 possit,
1362 3935 1466 3991 mente
1488 3923 1668 3990 addendum
1688 3943 1757 3989 asse
1773 3933 1895 3988 censet:

239 4030 343 4097 ιίνιον
364 4023 463 4096 λάσια.
508 4027 600 4110 Quae
622 4027 799 4114 explicandi
820 4028 900 4093 ratio
922 4027 948 4095 si
970 4049 1045 4094 vern
1065 4041 1166 4107 esset,
1188 4051 1253 4096 non
1275 4051 1359 4098 nune
1381 4039 1511 4104 tantum,
1534 4027 1592 4092 red
1613 4027 1795 4110 ubicunque
1816 4047 1894 4092 σοι·

239 4131 410 4210 dicionem,
434 4153 515 4216 quae
529 4131 634 4198 verbis
650 4132 809 4198 declarata
830 4143 894 4208 est,
919 4143 950 4197 et
970 4131 1071 4217 ipsam
1092 4133 1231 4218 pendere
1253 4156 1294 4198 ex
1326 4133 1389 4198 ulia
1414 4131 1598 4197 condicione
1620 4129 1758 4216 coginre
1780 4148 1895 4215 ροοιιι·

239 4259 326 4312 mus,
349 4233 529 4300 adhibenda
551 4253 649 4313 essct,
673 4235 757 4300 unde
777 4234 898 4301 infinite
919 4234 950 4298 in
973 4235 1135 4320 permultis
1157 4217 1235 4305 ledis
1256 4236 1467 4302 condiciouun
1489 4233 1585 4300 series
1605 4233 1724 4300 oritura
1746 4243 1838 4298 esset

399 4337 549 4404 Similiter
571 4339 612 4402 ad
635 4338 732 4404 verba
754 4337 886 4404 Adrasti
907 4337 940 4402 In
962 4335 998 4401 Il.
1022 4335 1081 4412 VI,
1104 4339 1165 4403 49:

549 4445 612 4508 uuir
635 4443 687 4513 etv
709 4465 760 4510 σοι
780 4440 952 4528 χαρίσαιτο
973 4437 1084 4529 aurio
1104 4435 1259 4527 ἀπερείσι’
1281 4438 1419 4521 ἄποινα,

552 4547 584 4614 εί
605 4570 658 4612 aer
680 4545 738 4632 ἐμὲ
760 4541 843 4626 ζωὸν
862 4539 1043 4614 πεπύθοιτ’
1066 4543 1122 4612 ἐπί
1143 4544 1254 4634 νηυσίν
1275 4539 1416 4626 Ἀχαιῶν,
1962 4629 1965 4636 ἡ

240 4646 322 4712 benc
345 4649 578 4716 condicionem:
602 4651 707 4718 οίκον
728 4648 785 4733 tet
807 4643 900 4731 ζάοιν
922 4645 1001 4736 ἐάας
1023 4665 1127 4716 mente
1149 4647 1344 4724 addendam,
1367 4651 1507 4736 optetivo
1529 4661 1635 4714 aetem
1656 4659 1823 4734 propterea
1843 4645 1899 4718 ab

239 4749 380 4818 additum
414 4775 483 4818 esse
516 4754 640 4830 statim,
681 4775 722 4823 ee
753 4753 911 4820 Adrastus
944 4753 1037 4818 nimis
1075 4771 1187 4838 urgere
1220 4751 1368 4837 precibrn
1401 4751 1584 4818 Menelaum
1617 4751 1771 4818 rideretur.
1827 4750 1897 4820 Sed

239 4853 360 4918 etiamsi
383 4853 530 4927 adsumas
560 4857 645 4922 illarn
676 4857 880 4934 sententiam,
911 4855 1058 4942 primaria
1086 4855 1195 4940 utique
1217 4856 1297 4925 haec
1318 4867 1440 4924 maneta
1469 4857 1503 4926 sl
1528 4879 1582 4924 κεν
1602 4854 1661 4942 ipsi
1681 4853 1768 4938 ζονδν
1787 4852 1897 4929 παιά-
