4508 5666
1100 621 1351 694 ..22-

401 833 466 898 luci
495 830 547 914 qui
578 827 839 893 commemoratur
859 825 1026 910 proprium·
1047 837 1104 900 eat,
1127 824 1290 890 indicatur.
1333 823 1548 909 Etplersqne
1570 821 1698 906 quidem
1719 823 1865 909 exempla
1879 833 2054 908 'utramque

404 933 661 1022 significationem
685 931 882 1050 conjupctam
903 926 1065 1052 praebent,
1090 927 1130 990 ci.
1153 925 1217 992 Od,
1240 925 1373 990 XVIII
1393 926 1475 990 3602
1500 959 1503 967 ¹
1534 954 1538 962 =

718 1035 783 1114 ξειν
813 1055 832 1116 η
856 1053 898 1117 αρ
920 1054 938 1091 κ
969 1022 1309 1117 sentententiam,
1332 1030 1364 1095 εί
1385 1025 1415 1096 σ’
1435 1023 1616 1117 ἀνελοίμην,

709 1133 815 1223 ’ἀγροῦ
838 1126 885 1197 ἐπ’
910 1129 1060 1224 ἐσχατιῆς
1084 1171 1122 1182 -
1145 1131 1271 1214 μισθός
1293 1131 1403 1202 δίκαι
1424 1125 1536 1220 ἄρκιος
1558 1125 1649 1198 ἔσται
1674 1169 1712 1180 -
1824 1192 1831 1208 ,

652 1323 655 1331 .
713 1230 870 1320 αἱμασιάς
893 1258 935 1318 τε,
951 1233 1057 1323 λέγων,
1079 1235 1131 1302 καί
1154 1233 1289 1324 δένδρεσι
1310 1231 1419 1324 μακροί
1441 1229 1590 1321 φυτεύων
1597 1259 1609 1318 ,·

715 1338 796 1408 ἔνθα
819 1333 846 1400 κ’
868 1336 929 1423 e'yui
951 1343 1038 1404 σῖτον
1058 1339 1116 1420 μὲν
1138 1335 1314 1428 ἐπηετανόν
1335 1341 1518 1428 παρέχοιμι·
1532 1367 1561 1406 κ.
1584 1362 1611 1403 τ.
1635 1339 1661 1404 λ.

559 1445 698 1532 Respicit
720 1441 801 1511 ἔνθα
823 1464 886 1504 non
907 1442 1009 1505 solnm
1031 1441 1071 1504 ad
1093 1441 1206 1517 locum,
1230 1465 1293 1527 quo
1315 1441 1405 1509 Ulixi
1428 1444 1545 1508 victum
1568 1438 1764 1529 praebiturus
1787 1443 1842 1519 rit,
1877 1444 1933 1507 sed
1956 1443 2049 1508 etiarn

403 1551 445 1619 ad
467 1569 593 1637 operam
616 1547 846 1621 mercenariam,
871 1567 963 1630 quam
986 1566 1061 1610 num
1083 1559 1240 1631 praestare
1262 1546 1322 1612 sibi
1345 1547 1454 1619 vellet,
1478 1569 1550 1610 cnm
1571 1547 1826 1632 interrogaverat.
1869 1543 1920 1610 Of.
1944 1544 1985 1611 V.
2009 1547 2051 1610 73

268 1679 274 1686 ·
407 1653 487 1723 XII.
511 1657 583 1719 282.
628 1651 665 1716 ΙΙ.
689 1649 746 1716 IV.
770 1651 840 1716 539.
864 1645 943 1713 XII.
968 1649 1019 1712 58.
1070 1647 1107 1712 In
1129 1649 1285 1714 nonnullis
1309 1657 1411 1714 autem
1433 1649 1510 1712 locis
1529 1649 1665 1734 priorem
1688 1649 1772 1712 illam
1793 1649 2051 1736 significationem

407 1759 568 1824 evanuisse
580 1767 610 1821 et
626 1755 712 1832 nihil,
735 1755 794 1818 nisi
813 1755 882 1832 hoc,
907 1757 1056 1842 consequi
1079 1746 1196 1840 aliquid
1219 1775 1258 1818 ex
1281 1751 1546 1828 antecedentibus,
1569 1752 1698 1815 indicari
1722 1749 1881 1832 videmus,
1904 1763 1939 1815 ut
1958 1753 1992 1816 in
2015 1749 2051 1818 II.

407 1856 500 1928 VIII.
524 1861 603 1925 207:
715 1879 731 1940 .'

716 1961 808 2048 είπερ
830 1955 891 2048 ydp
914 1957 940 2023 κ’
963 1957 1141 2045 ἐθέλοιμεν,
1165 1961 1236 2030 ὅσοι
1258 1966 1432 2033 Δαναοῖσιν
1453 1951 1584 2045 α’ρωγοί,

722 2069 834 2156 Τρῶας
856 2059 1055 2133 ἀπώσασθαι
1077 2066 1130 2131 καί
1151 2063 1299 2153 ἐρυκέμεν
1321 2058 1467 2152 εὐρύοπα
1489 2053 1567 2148 Ζῆν’

718 2167 818 2238 αὐτοῦ
840 2168 867 2235 κ’
889 2165 957 2236 §303²
980 2163 1131 2249 σἰκάχοιτο
1154 2165 1340 2258 καθήμενος
1362 2160 1431 2242 οἶσε
1454 2157 1580 2250 ἐν’Ίδη.

561 2273 643 2339 Cum
673 2275 732 2338 hoc
760 2297 818 2337 usu
847 2273 1066 2336 adverbiorum
1099 2267 1184 2338 oiirw
1208 2285 1239 2336 ct
1261 2268 1341 2338 ἔνθα
1361 2266 1537 2354 comparari
1558 2277 1662 2351 potest
1683 2288 1758 2332 tanis
1780 2268 1972 2352 pronominis
1995 2269 2052 2333 de·

383 2377 611 2454 monstranti,
635 2376 700 2440 sive
722 2377 763 2439 ad
785 2398 908 2440 omnem
930 2395 1144 2461 praegressum
1167 2376 1350 2443 sententiam
1372 2371 1516 2458 pertinet,
1538 2369 1625 2432 utin
1647 2367 1685 2434 ll.
1709 2369 1821 2434 XVII.
1845 2371 1927 2434 416:

800 2546 803 2562 ,
920 2475 988 2545 ἀλλ’
1011 2473 1112 2545 αὐτοῦ
1132 2485 1210 2564 γαῖα
1230 2477 1364 2558 μέλαινα

720 2587 801 2652 πᾶσι
823 2576 930 2664 χᾶνσιί
953 2576 991 2652 τό
1013 2609 1067 2651 κεν
1088 2575 1164 2672 ἧμιν
1185 2582 1276 2673 ἄφαρ
1298 2578 1385 2651 uolui
1407 2580 1534 2666 κέρδιον
1554 2583 1616 2667 εἴη,
1884 2658 1887 2668 Ι

406 2683 485 2762 σίνε,
507 2685 592 2768 quod
615 2687 737 2772 saepius
748 2686 793 2762 fit,
816 2687 856 2750 ad
868 2707 963 2752 unum
977 2687 1104 2772 aliquod
1115 2709 1233 2765 eorum,
1246 2708 1326 2770 quae
1338 2685 1535 2766 antecedunt,
1549 2680 1771 2748 vocabulorum
1783 2681 2050 2774 referendum-ast.

564 2786 614 2854 Gt.
640 2788 676 2852 Il.
699 2787 745 2852 X.
769 2789 845 2854 380:

1176 2886 1245 2958 ἔστι
1265 2887 1326 2978 γαρ
1353 2886 1443 2956 ἔνδον

714 2987 831 3075 χαλκός
853 3015 889 3058 τε
909 2989 1029 3078 χρυσός
1051 3017 1095 3076 τε,
1117 2989 1322 3084 πσίδκμητός
1343 2998 1552 3085 τεοίδηρσς·

715 3099 777 3161 τῶν
798 3091 825 3160 κ’
849 3090 948 3181 ι’)’μμιν
970 3099 1139 3186 χαρίσαιτο
1161 3095 1268 3188 πατήρ
1291 3093 1451 3187 ἀπερείσι’
1472 3095 1591 3167 ἄποινα
1614 3123 1641 3164 ιι.
1665 3122 1691 3162 τ.
1715 3098 1742 3164 ί.

563 3198 603 3261 ef.
626 3195 684 3262 vi.
707 3200 759 3263 ιι.
781 3197 827 3262 x.
850 3197 1027 3266 380V111.
1050 3203 1107 3265 τι,
1734 3188 1737 3197 ’

631 3365 636 3372 .
719 3298 799 3394 αὐτῇ
820 3328 873 3368 κεν
892 3304 966 3390 γαίη
989 3297 1144 3391 ἐρύσαιμ’,
1168 3303 1250 3394 αὐτῇ
1271 3330 1306 3370 τε
1329 3299 1494 3392 θαλάσση·
1602 3337 1603 3342 ’

721 3404 829 3495 οειρήν
850 3407 907 3490 μέν
929 3427 982 3473 κεν
1004 3403 1118 3474 ἔπειτα
1141 3409 1216 3496 περί
1239 3409 1309 3500 ῥίον
1334 3404 1523 3491 Οὐλύμποιο
1563 3405 1567 3410 ’

719 3513 892 3599 δησαίμην·
916 3506 956 3579 τά
979 3507 1064 3580 δέκ’
1087 3502 1164 3578 odra
1184 3509 1329 3602 μετήορα
1350 3507 1455 3581 πάντα
1477 3513 1606 3598 γένοιτο.

565 3613 628 3681 od.
654 3613 710 3678 [v.
735 3615 814 3678 635:

870 3741 873 3753 '
962 3741 971 3774 ⁸
1227 3717 1309 3790 ἔνθα
1330 3745 1386 3804 μοι
1407 3720 1511 3790 ἵππσι

719 3816 847 3890 δώδεκα
867 3823 1007 3915 drideret,
1030 3818 1094 3899 ὑπὸ
1116 3817 1146 3888 δ’
1167 3817 1296 3910 ἡμίονοι
1317 3824 1488 3912 ταλαεργοί

722 3920 880 4015 ἀδμῆτες·
902 3931 966 3994 τῶν
986 3927 1039 3994 κέν
1059 3925 1114 3995 τιν’
1137 3923 1354 4026 ἐλασσάμενος
1380 3929 1592 4018 δαμασαίμην

563 4029 613 4095 Cf.
632 4029 701 4096 od.
723 4029 800 4094 XV.
823 4033 897 4097 452.
919 4029 1014 4097 XVI.
1040 4033 1111 4100 153.
1132 4029 1245 4098 XVII.
1268 4033 1341 4098 223.
1364 4032 1401 4098 Il.
1424 4032 1504 4098 XII
1528 4035 1589 4096 447
1609 4031 1704 4098 XIV.
1729 4034 1801 4096 241.

560 4133 707 4219 Denique
730 4133 822 4196 etiam
838 4134 1015 4218 conjunctio
1027 4131 1090 4222 ripn
1105 4135 1378 4200 commemoranda
1391 4145 1454 4210 est3
1471 4137 1560 4218 cujus
1582 4157 1679 4220 quum
1693 4134 1878 4222 significatio
1893 4135 1932 4211 ei,
1956 4155 2050 4219 quam

410 4239 578 4327 particulae
601 4238 654 4304 κέν
674 4238 783 4314 tribui,
818 4236 982 4322 persimilis
1006 4261 1073 4304 asse
1096 4240 1254 4316 videatur,
1287 4227 1538 4328 praecavendum
1561 4251 1623 4318 est,
1658 4263 1697 4304 na
1716 4235 1790 4326 ‘quis
1812 4263 1862 4304 me
1884 4253 2050 4323 utramque

410 4345 587 4411 condidisse
608 4358 701 4428 atque
723 4344 765 4420 id,
800 4343 884 4428 quod
914 4343 1006 4428 hujus
1036 4343 1075 4406 sit
1103 4345 1272 4428 proprium,
1304 4343 1335 4406 in
1367 4341 1450 4406 illam
1474 4343 1665 4410 tmnslutisse
1688 4357 1808 4432 arguat.
1853 4343 1924 4407 Etsi
1947 4352 2050 4406 autem

408 4443 487 4537 ripa,
521 4449 661 4512 similiter
688 4458 721 4511 ut
744 4446 810 4526 κέν,
844 4447 1022 4533 saepissime
1046 4469 1114 4510 eam
1138 4447 1268 4510 duarum
1291 4469 1393 4510 rerum
1417 4447 1663 4526 cohaerentiam,
1695 4472 1758 4534 qua
1778 4448 1932 4538 posterior
1954 4448 2052 4534 possit

411 4553 544 4640 epriori
575 4553 700 4630 deduci,
731 4552 858 4628 indicat,
893 4572 1051 4636 nunquam
1082 4564 1201 4629 tamen,
1235 4563 1269 4616 ut
1301 4571 1364 4616 nno
1397 4551 1495 4616 verbo
1528 4551 1647 4626 dicam,
1681 4552 1722 4616 ad
1741 4540 1944 4638 coffltationis
1977 4572 2051 4614 cau-

408 4675 493 4738 sam,
526 4657 583 4722 eod
611 4655 728 4740 υδὶραε
754 4656 798 4719 ad
830 4675 933 4718 rernm
954 4655 1092 4740 ipsarum
1114 4677 1231 4720 nexum
1251 4655 1448 4720 referendum
1470 4665 1527 4720 eat.
1572 4653 1651 4719 Inde
1683 4655 1780 4720 etim
1811 4653 2049 4718 condructionis

410 4761 574 4830 diversitas
597 4765 664 4824 crta
686 4779 754 4826 esee
776 4757 909 4848 videtur.
954 4759 1005 4822 Ac
1026 4758 1078 4826 aete
1099 4759 1226 4844 quiden
1248 4781 1304 4823 cur
1325 4759 1464 4844 optativo
1486 4757 1560 4824 addi
1581 4758 1701 4835 σοίσεί,
1730 4779 1748 4822 e
1777 4771 1890 4822 natura
1907 4771 1942 4822 et
1963 4755 2051 4825 medi
