4508 5666
1065 635 1315 708 -30..

530 835 613 904 Sunt
635 849 739 902 tamen
759 835 831 913 loci,
855 833 907 920 qui
929 835 970 901 ub
991 836 1053 902 huc
1073 837 1183 924 regula
1203 835 1377 913 declinent3
1411 837 1444 900 in
1466 836 1582 921 quibus
1601 857 1661 901 cur
1680 825 1755 904 οὔδ’
1777 830 1816 904 ἄν
1837 835 1954 903 domm
1975 837 2028 915 eh,

377 940 532 1016 neminem
555 939 664 1027 lugiet.
710 939 760 1005 cf.
783 939 821 1004 Il.
845 937 927 1002 XX.
951 940 1030 1004 247:

352 1037 354 1048 '
893 1036 964 1108 οὐδ’
985 1037 1024 1108 lv
1045 1046 1121 1128 νηῦς
1144 1036 1336 1129 ἑκατόζυγος
1357 1035 1470 1125 άχθας
1489 1033 1615 1128 ἔροιτο,

375 1147 432 1214 ubi
454 1141 529 1216 olet
551 1146 706 1237 significat
726 1167 772 1211 ne
794 1146 973 1230 quidem3
996 1143 1129 1210 XXIV.
1153 1146 1233 1210 566:
1381 1195 1384 1202 .

891 1241 969 1316 elul
988 1243 1050 1334 yolo
1072 1242 1111 1314 lle
1132 1242 1301 1334 φυλάκους
1323 1243 1424 1315 λάθοι
1445 1273 1474 1311 ν.
1496 1271 1524 1314 τ.
1546 1248 1574 1313 L
1643 1243 1647 1256 '

375 1356 429 1421 ubi
451 1355 535 1422 idem
558 1366 614 1432 est.
638 1354 724 1438 quod
745 1349 784 1421 oti
807 1347 865 1440 δή·
888 1351 940 1419 κέν
962 1367 1065 1416 autem
1088 1363 1253 1436 propterea
1275 1351 1350 1436 poni
1371 1372 1436 1415 non
1458 1359 1589 1436 poterat,
1613 1351 1699 1435 quod
1721 1351 1799 1417 liaeo
1816 1352 1918 1417 verba
1932 1350 2028 1416 itaud

378 1459 594 1524 antecedentia
616 1453 657 1528 ου’
677 1453 738 1546 γάρ
760 1481 796 1523 κε
817 1457 910 1542 τλαιῃ
933 1451 1052 1543 podice
1073 1453 1211 1537 ἐλθέμεν
1231 1456 1379 1532 referret,
1405 1465 1441 1519 ut
1462 1447 1504 1521 oti
1527 1487 1564 1502 ··-
1587 1447 1665 1521 slot
1687 1453 1878 1540 significaret
1898 1475 2028 1538 neque

378 1599 417 1612 -
440 1584 586 1656 neque,
611 1561 696 1645 quod
719 1559 759 1626 ab
782 1560 935 1624 hocloco
957 1579 1086 1644 pmrsus
1109 1558 1244 1624 alienum
1267 1569 1323 1623 est.
1367 1558 1407 1624 ln
1429 1558 1477 1624 his
1499 1565 1604 1622 aulem
1626 1556 1721 1622 locis:
1743 1557 1781 1622 ss.
1794 1557 1853 1624 VI.
1879 1558 2027 1625 141.IX.

377 1667 450 1730 372.
474 1664 537 1732 Od.
560 1665 598 1728 V.
625 1667 695 1742 177,
718 1661 765 1728 X.
788 1665 849 1728 342
872 1663 976 1747 isqui
998 1662 1144 1746 loquitur,
1168 1685 1265 1747 quum
1287 1682 1377 1728 suam
1399 1683 1565 1748 pensum
1599 1684 1671 1726 cum
1693 1663 1761 1728 aliis
1783 1675 1961 1750 comparet,
1995 1664 2029 1730 id

377 1769 463 1855 quod
485 1769 525 1834 de
546 1790 581 1832 se
603 1767 747 1844 affirmat,
769 1768 888 1851 majore
910 1767 942 1832 vi
964 1765 1063 1831 effert.
1987 1831 1996 1842 ,

530 1874 555 1955 ξ.
581 1874 630 1936 19.
674 1872 843 1957 Reliqutun
867 1883 923 1947 est,
948 1881 981 1934 ut
1003 1871 1105 1936 dicam
1128 1871 1167 1935 de
1190 1871 1267 1935 locis
1291 1869 1488 1954 quibusdum,
1515 1869 1547 1933 in
1569 1867 1685 1953 quibus
1707 1868 1745 1934 B.
1768 1865 1808 1939 ἄν
1827 1882 1859 1936 et
1880 1870 1934 1939 νύν
1954 1891 2028 1959 pro·

376 1976 495 2042 miseue
525 1997 594 2040 esse
623 1975 725 2061 posita
747 1972 922 2052 contendit,
952 1974 994 2038 ita
1016 1986 1050 2038 ut
1072 1975 1227 2040 diversam
1250 1975 1489 2060 explicationem
1512 1997 1576 2040 nou
1598 1973 1779 2052 admittaut3
1809 1977 1902 2042 mitto
1923 1988 2028 2042 autem

367 2069 441 2155 eos,
463 2078 496 2142 in
520 2076 643 2162 quibus,
666 2099 748 2162 quae
770 2077 933 2162 utriusque
953 2079 1123 2164 particulae
1145 2079 1224 2143 ratio
1246 2079 1295 2154 sit,
1315 2078 1406 2144 facile
1424 2079 1616 2166 intelligitur.

380 2179 443 2248 Od.
469 2179 510 2246 II.
536 2183 576 2244 74
601 2203 669 2264 sqq.
996 2180 1068 2261 ἐμοὶ
1090 2180 1127 2248 δὲ
1149 2205 1186 2248 κο
1206 2181 1333 2268 κέρδιον
1354 2184 1406 2271 εἴη

684 2277 785 2365 ὑμέας
808 2279 983 2365 ἐσθέμεναι
1004 2279 1154 2374 κειμήλιά
1174 2309 1210 2352 τε
1231 2278 1399 2373 πρόβασίν
1419 2307 1473 2354 τε·

687 2385 719 2451 el
737 2384 762 2466 χ’
786 2379 883 2469 ὑμεῖς
903 2409 939 2471 ys
961 2381 1107 2475 φάγοιτε,
1127 2382 1198 2468 τάχ’
1219 2382 1258 2456 άν
1279 2411 1361 2456 ποτε
1382 2389 1434 2455 ταὶ
1457 2390 1543 2466 τίσις
1565 2389 1616 2478 εἴη

687 2482 796 2578 τόφρα
817 2485 877 2576 γάρ
900 2485 938 2556 ἂν
959 2488 1042 2558 κατά
1064 2485 1144 2558 duro
1167 2490 1480 2576 normruuooluedu
1501 2488 1601 2580 μύθῳ
1622 2517 1650 2560 κ.
1672 2515 1699 2558 τ.
1724 2495 1763 2575 l„

376 2617 439 2678 quo
461 2591 494 2658 in
515 2593 595 2670 loco,
620 2617 718 2677 quum
739 2593 792 2660 alr
813 2594 950 2678 priorem
972 2596 1175 2673 sententiam,
1205 2619 1286 2680 quae
1308 2597 1408 2684 magia
1431 2597 1578 2662 universa
1600 2607 1661 2674 est,
1692 2594 1949 2662 antecedentibus
1972 2595 2029 2659 ad·

374 2707 496 2764 uectat:
520 2690 559 2764 dv
580 2697 618 2762 iis
641 2698 745 2762 verbis
766 2697 908 2762 additum
931 2709 987 2775 est,
1011 2721 1103 2783 quae,
1127 2700 1275 2784 quoniam
1286 2699 1319 2763 id
1330 2699 1434 2785 ipsum
1446 2698 1615 2776 declarant,
1638 2721 1702 2784 quo
1713 2698 1895 2764 Telemachi
1906 2685 2029 2786 animus

375 2822 459 2866 nuuc
481 2813 633 2876 movetur,
657 2823 752 2888 quam
774 2801 911 2866 maxime
933 2801 1093 2867 efferenda
1114 2815 1213 2868 eraut.

421 2973 433 2996 ⁶
533 2903 597 2970 Od.
619 2902 750 2968 XVIII.
773 2906 832 2968 27:
1038 2901 1076 2972 ὃν
1097 2901 1136 2974 dv
1157 2902 1243 2973 καινά
1264 2907 1475 2994 μητισαίμην,

687 3005 815 3077 κόπτων
837 3002 1052 3097 άμφοτέυῃσι,
1073 3009 1175 3092 χαμαὶ
1198 3009 1235 3078 dl
1257 3031 1293 3074 aa
1314 3003 1440 3082 πάντας
1463 3000 1596 3086 ὀδόντας

691 3115 845 3200 γναθμῶν
866 3106 1055 3196 ἐξελάσαιμι
1077 3137 1104 3175 ιι.
1127 3137 1155 3179 τ.
1178 3114 1205 3178 λ.

531 3215 582 3280 De
614 3216 676 3280 hoc
707 3216 778 3281 loco
811 3214 981 3280 tenendum
1014 3225 1076 3293 est,
1111 3217 1137 3281 si
1169 3217 1201 3282 in
1235 3217 1334 3303 prima
1365 3217 1501 3303 plurium
1524 3217 1763 3294 sententiarum,
1795 3237 1875 3301 quse
1904 3215 1947 3279 ita
1969 3213 2029 3279 sibi

375 3320 553 3396 succedant,
577 3334 612 3384 ut
633 3321 673 3384 ad
696 3344 803 3396 unum,
828 3330 975 3403 tanquam
998 3331 1102 3404 partes
1125 3321 1165 3384 ud
1188 3332 1286 3384 totum
1310 3321 1493 3404 pertineant,
1516 3312 1556 3385 lla
1575 3321 1711 3404 positum
1734 3321 1791 3398 sit,
1814 3320 1886 3384 huie
1904 3328 2029 3382 senten·

374 3425 435 3491 tiae
458 3437 586 3502 ceteras,
610 3449 709 3510 quum
732 3427 795 3490 vim
817 3425 988 3512 particulae
1010 3434 1151 3508 repetere
1174 3445 1253 3509 opus
1276 3444 1339 3486 non
1361 3432 1453 3498 esset,
1478 3421 1576 3486 ultera
1597 3411 1750 3510 particula
1770 3423 1894 3488 adnecti
1917 3422 2028 3487 solere.

530 3527 613 3592 Illud
636 3551 711 3592 vero
733 3527 904 3592 identidem
926 3526 1118 3592 monendum
1146 3549 1270 3603 censeo,
1305 3548 1402 3610 quum
1425 3527 1587 3612 utriusque
1611 3528 1779 3614 particulae
1802 3529 1852 3604 sit,
1882 3549 1935 3592 eas
1957 3549 2029 3591 sen·

375 3629 504 3708 tentius,
539 3652 619 3714 quae
652 3652 708 3716 per
740 3652 775 3694 se
804 3640 948 3694 constare
977 3653 1041 3694 non
1064 3653 1157 3715 posse
1178 3632 1374 3709 viderentur,
1406 3653 1461 3709 eo,
1486 3631 1571 3728 quod
1593 3631 1635 3695 ud
1656 3632 1733 3696 alias
1756 3631 1926 3696 sententias
1947 3631 2029 3696 rote·

374 3745 493 3811 rentur,
513 3735 670 3803 stabilire:
693 3755 797 3819 saepe,
821 3734 847 3798 si
869 3743 965 3798 totam
989 3735 1173 3798 senteutiam
1197 3746 1384 3820 spectemus,
1408 3735 1485 3800 nihil
1508 3745 1562 3799 aut
1574 3747 1658 3801 certe
1668 3757 1731 3800 non
1747 3733 1879 3799 multum
1892 3735 2028 3812 differre,

374 3849 444 3904 utre
465 3860 572 3903 earum
596 3837 790 3904 adhibeatur.
837 3837 887 3902 cf.
912 3837 944 3902 hi
966 3837 1026 3900 loci
1051 3837 1199 3902 simillimi
1221 3839 1302 3904 inter
1323 3861 1375 3916 se,
1410 3860 1543 3923 quorum
1566 3839 1644 3906 ulter
1665 3839 1733 3918 atr,
1756 3839 1834 3904 ulter
1855 3834 1894 3906 άν
1915 3837 2028 3904 habet:

376 3937 440 4008 Od.
463 3939 526 4004 XI.
551 3944 631 4006 111:

681 4046 737 4113 ael
761 4070 813 4112 κεν
835 4038 879 4112 ἔτ’
899 4040 951 4118 εἰς
966 4039 1100 4133 Ἰθάκην
1122 4041 1205 4114 κακά
1227 4067 1292 4135 περ
1314 4041 1493 4128 πάσχοντες
1514 4046 1664 4114 ἵκοισθε·
1773 4113 1778 4118 .

530 4159 561 4214 el
582 4149 624 4214 lb.
648 4150 728 4214 XII.
754 4153 834 4216 138:

684 4243 733 4340 ἦτ’
755 4249 792 4321 lla
814 4251 857 4321 ἔτ’
879 4251 930 4328 εἰς
953 4247 1076 4340 Ιθάιιην
1097 4245 1181 4318 καινά
1203 4274 1267 4335 περ
1289 4248 1467 4334 πάσχοντες
1488 4253 1632 4323 ἵκοισθε.

402 4415 404 4426 .
531 4354 596 4423 Sed
625 4355 742 4420 fallitur
764 4357 801 4420 B.
825 4358 1010 4442 plurimum,
1035 4357 1088 4441 qui
1110 4355 1159 4418 his
1182 4355 1259 4420 locis
1281 4357 1401 4422 nullum
1424 4381 1493 4424 esse
1504 4360 1582 4424 illud
1593 4359 1760 4424 discrimen
1772 4357 1898 4446 probari
1911 4369 2026 4422 censet.

375 4459 455 4544 Quis
479 4462 562 4526 enim
584 4481 647 4526 non
667 4461 761 4538 videt,
785 4461 896 4526 eodem
914 4463 986 4546 jure
1009 4463 1102 4524 etium
1125 4458 1181 4525 aul
1202 4452 1272 4548 etp}
1290 4463 1508 4550 nequidquam
1520 4465 1645 4528 interse
1657 4459 1902 4548 differreneguri
1914 4461 2029 4547 posse?

373 4566 506 4630 Minime
527 4575 631 4636 autem
656 4587 781 4642 vereor,
811 4587 851 4629 ne
872 4565 949 4630 mihi
979 4567 1046 4652 ipse
1075 4586 1251 4654 repugnare
1275 4566 1398 4645 videar,
1430 4567 1516 4652 quod
1537 4588 1601 4632 non
1623 4567 1725 4632 solum
1747 4567 1821 4643 hos,
1854 4564 2028 4629 sedetiam
2095 4601 2100 4620 ·

374 4670 451 4736 alios
473 4669 560 4742 locos
583 4668 723 4734 concedo
744 4669 788 4734 its
809 4690 877 4734 esse
901 4681 1108 4755 comparatos,
1133 4679 1169 4733 ut
1183 4679 1315 4754 unaque
1337 4671 1489 4756 particula
1511 4681 1584 4759 apta
1605 4669 1751 4736 habende
1772 4669 1822 4733 sit.
1863 4659 1871 4678 ‘
