4508 5666
1056 537 1310 614 ..ομ-

331 745 505 823 'indicere
538 743 2008 830 nisihoctsmsrcteosmsem,deqmsgimr‚cnmsliscobsetere‚ntnmrio

256 867 261 876 '
357 875 398 915 ex
430 851 491 914 huc
520 849 646 914 evenire
676 847 843 934 cogitsnds
868 847 920 912 sit.
963 848 1419 934 Itsquenuncondicionem,
1451 849 1873 938 adamandam,
1906 852 2009 917 utsic

355 955 486 1018 demum
506 951 732 1037 intedimus,
766 961 921 1033 quatenus
942 966 1027 1018 reste
1047 953 1206 1040 Reisigins
1233 953 1290 1038 (de
1315 965 1386 1039 psrt
1413 947 1453 1019 ἄν
1471 975 1504 1038 p.
1526 955 1583 1038 99)
1612 955 1742 1019 dixerit:
1764 951 1805 1021 dv
1823 958 2008 1043 particulam

356 1055 477 1141 sIanid
508 1055 577 1122 desi
601 1077 659 1140 per
687 1075 852 1118 ausuum
874 1055 1034 1138 qusndsm
1055 1056 1287 1122 cohaerentiam
1307 1077 1402 1141 posse
1422 1056 1578 1132 indicem
1612 1078 1689 1145 ergo
1710 1059 1850 1144 optstivo
1871 1059 2009 1126 sdditsrn

357 1185 424 1228 rem
457 1183 634 1246 quemque,
667 1181 750 1244 quse
780 1159 848 1226 Iicsi
880 1183 974 1246 posse
1002 1159 1185 1246 simpIiciter
1215 1181 1275 1245 per
1305 1159 1477 1244 optstivmn
1508 1158 1645 1235 dicstnr,
1679 1161 1873 1228 confirmare.
1924 1163 2010 1229 [llud

356 1277 472 1344 sutem,
495 1265 582 1350 quod
603 1265 756 1350 particule
777 1265 860 1329 effici
882 1265 965 1340 dixi,
987 1265 1049 1328 slis
1069 1273 1231 1348 praetores
1251 1262 1373 1326 ratione
1392 1263 1561 1349 significari
1582 1263 1670 1328 solet.
1715 1263 1893 1333 Observavi
1914 1270 2008 1347 enirn,

356 1370 446 1454 quod
477 1367 682 1434 memombiie
712 1379 779 1444 est,
810 1363 848 1436 iis
875 1368 920 1432 sb
943 1367 1122 1432 Homero
1151 1367 1239 1430 fere
1267 1367 1306 1430 in
1335 1365 1544 1452 negativis
1573 1370 1809 1448 sententiis,
1841 1395 2008 1458 perrsru

357 1473 398 1536 in
418 1471 688 1536 osiirmstivis
719 1484 954 1556 usurpatum
984 1491 1079 1536 esse.
1124 1468 1199 1533 IIoc
1227 1469 1301 1533 inde
1322 1468 1542 1554 explicandum
1564 1491 1635 1535 csse
1656 1471 1797 1550 videtur,
1830 1475 1917 1558 quod
1938 1497 2009 1540 sen·

357 1575 473 1640 tentius
493 1573 668 1660 negativae,
690 1583 856 1660 proptera
877 1574 964 1658 quod
986 1575 1172 1660 plerumque
1193 1575 1261 1638 inis
1284 1574 1447 1658 oppositus
1468 1587 1550 1652 sunt,
1572 1576 1691 1658 majore
1713 1577 1744 1639 vi
1766 1577 1925 1662 praeditae
1940 1601 2009 1646 esse

356 1678 467 1744 solent.
501 1675 598 1740 Varis
620 1689 723 1742 autem
746 1690 818 1742 suut
839 1699 887 1753 eu,
910 1677 1026 1761 quibus
1048 1679 1174 1764 negatio
1195 1678 1373 1763 opponitur.
1407 1676 1499 1741 Nunc
1522 1679 1604 1742 enim
1623 1681 1785 1758 sententis,
1808 1683 2008 1766 iuqnsenm,

357 1804 493 1868 quocum
516 1780 683 1864 loquimur,
707 1803 776 1845 esse
798 1781 914 1845 scimus
935 1793 991 1844 unt
999 1782 1205 1867 suspicemur,
1227 1781 1391 1844 reiirtsnda
1402 1795 1459 1856 est,
1482 1796 1516 1844 ut
1530 1781 1555 1844 II
1578 1781 1661 1846 VIII
1682 1785 1756 1860 209,
1779 1783 1833 1849 ubi
1843 1785 2008 1872 Neptunus

354 1887 486 1962 «lunoni,
509 1907 590 1969 quse
602 1884 690 1962 deos,
703 1883 835 1950 Grueois
845 1884 998 1961 serentes,
1019 1884 1104 1948 Jove
1115 1883 1291 1970 superiores
1301 1885 1423 1947 tuturos
1435 1905 1503 1948 esse
1515 1884 1646 1961 dixerat,
1659 1885 1737 1951 haec
1749 1891 1934 1973 respondet:

659 1983 744 2078 Ἥρη
767 1985 945 2068 ἀπτοεπὲς,
968 1994 1068 2055 ποῖον
1087 1982 1144 2054 τὸν
1164 1989 1274 2071 μῦθον
1295 1983 1421 2063 ἕεινιεςί

669 2090 729 2160 οὐκ
751 2089 791 2160 ἂν
812 2089 899 2180 ἔγωγ’
923 2092 1075 2174 ἐθέλοιμι
1095 2091 1158 2159 Διῒ
1181 2091 1339 2178 Κρονίωνι
1359 2085 1525 2174 μάχεσθαι

666 2194 770 2288 ἡμέας
789 2197 868 2274 sotis
889 2193 1005 2273 ἄλλοις
1025 2225 1053 2263 κ.
1076 2223 1105 2264 τ.
1127 2200 1157 2264 λ.

512 2303 635 2368 Eodem
668 2325 763 2368 censs
795 2317 843 2366 est
875 2323 984 2364 eorum
1014 2300 1172 2376 Iocorum,
1206 2299 1239 2362 in
1260 2297 1376 2383 quibus
1397 2300 1468 2382 quis
1491 2302 1639 2380 alterum,
1674 2325 1769 2387 quem
1790 2303 1823 2366 id
1845 2303 1931 2387 quod
1953 2325 2008 2368 ex·

356 2407 562 2493 spectsndum
585 2419 661 2482 erat,
684 2428 748 2468 non
770 2405 882 2470 secIsse
904 2406 1044 2481 mirum,
1066 2405 1247 2468 secun-usne
1268 2405 1301 2468 id
1323 2405 1373 2479 sit,
1396 2405 1576 2491 interroget,
1598 2415 1633 2469 ut
1656 2405 1693 2469 II.
1718 2407 1776 2470 III.
1800 2409 1859 2470 52:

669 2504 729 2576 οὖν
751 2503 790 2576 ἂν
811 2506 853 2594 δή
875 2512 1018 2594 μείνειας
1038 2505 1225 2596 Ἀρηΐφιλον
1249 2508 1432 2590 Modicum

515 2612 619 2698 Saepe
651 2613 762 2688 etiem,
797 2635 895 2697 quum
927 2613 1039 2676 sortins
1072 2635 1139 2678 rem
1161 2611 1329 2676 enunciare
1351 2611 1512 2712 volumus,
1547 2611 1735 2676 contrarium
1758 2612 1826 2696 ejus
1846 2633 2008 2698 negemus,

356 2717 395 2782 II.
419 2715 483 2780 IX.
508 2720 565 2781 77:

718 2818 768 2895 τίς
788 2814 828 2886 ἂν
848 2813 929 2884 wide
950 2813 1146 2905 ypt‘iq'osten

512 2923 652 2988 Pertinet
674 2921 736 2986 hnc
759 2943 797 2986 es
818 2921 943 2985 dicendi
964 2921 1054 2996 ratio,
1078 2942 1170 3004 quse,
1192 2943 1290 3007 quum
1313 2921 1354 2986 sd
1376 2943 1491 2986 nomen
1512 2921 1638 3008 negatio
1661 2923 1803 3006 apposite
1826 2933 1883 3000 est,
1905 2922 2008 2988 litotes

356 3039 499 3105 vocatur,
520 3041 556 3092 ut
577 3025 614 3092 II
637 3022 678 3090 V.
701 3025 781 3114 223:
1799 3055 1803 3062 ·

656 3124 745 3194 Ἔνθ’
768 3123 828 3196 οὖν
848 3121 887 3194 ἂν
907 3125 1060 3213 βρίζοντα
1081 3130 1169 3203 ἴδοις
1188 3124 1405 3214 Ἀγαμέμνονα
1427 3129 1503 3194 δῖον.

510 3235 598 3300 Alibi
619 3255 683 3298 non
706 3248 770 3298 tum
792 3233 974 3309 sententiae,
997 3255 1091 3316 quom
1114 3233 1159 3296 rei
1181 3233 1307 3318 negatio
1329 3232 1551 3317 opposits·est,
1575 3243 1609 3296 ut
1630 3233 1666 3297 II.
1691 3233 1717 3296 I.
1741 3235 1821 3298 300:

667 3339 761 3424 χοροί
785 3335 843 3418 μὲν
864 3331 954 3402 οὗτοι
976 3331 1075 3420 ἔμοιγε
1095 3329 1283 3424 μαχήσομαι
1305 3335 1413 3402 είνεκο
1435 3331 1569 3423 κούρης·

668 3445 730 3507 τῶν
751 3433 785 3506 δ’
809 3436 924 3518 ἄλλων,
946 3433 968 3506 ii
988 3439 1047 3520 μοί
1069 3437 1137 3506 ἐστι
1158 3443 1225 3526 θοῇ
1247 3435 1338 3525 παρα
1358 3442 1414 3525 νηῒ
1433 3443 1577 3526 μελαίνῃ,

665 3549 731 3610 τοῖν
752 3539 812 3610 οὖν
834 3537 870 3609 tis
893 3567 926 3608 τι
946 3541 1063 3630 φέροις
1083 3537 1204 3610 ἀνελών
1225 3537 1372 3617 ἀέκοντος
1394 3542 1496 3626 ἐμεῖο.

511 3651 577 3716 Sed
610 3671 707 3733 quum
740 3647 819 3710 haec
851 3645 1004 3731 porticula
1031 3644 1075 3709 ite
1101 3647 1245 3731 usurpari
1267 3662 1379 3730 coepto
1400 3659 1500 3724 esset,
1533 3659 1568 3712 ut
1597 3650 1722 3712 evenire
1750 3663 1804 3712 unt
1826 3661 2008 3713 eventurum

355 3777 426 3822 esse
454 3755 590 3838 aliquam
619 3774 687 3816 rem
714 3749 881 3824 indicaret,
915 3749 1032 3812 sectum
1061 3761 1126 3826 ost,
1160 3759 1195 3813 ut
1217 3749 1402 3835 significatio
1425 3752 1469 3816 rei
1491 3752 1532 3816 sd
1555 3753 1770 3816 condicionem
1794 3754 1908 3818 teletae
1930 3775 2008 3840 psu-

357 3859 445 3926 latim
478 3867 679 3922 evanesceret
712 3875 771 3918 nec
800 3852 969 3936 quicquum
996 3851 1063 3916 sere
1085 3864 1274 3928 remuneret,
1307 3853 1367 3916 uisi
1399 3855 1452 3917 iIIs
1484 3867 1615 3919 eventus
1648 3854 1751 3930 notio,
1786 3877 1881 3940 quum
1913 3857 2008 3940 aptis·

356 3963 436 4028 sime
469 3957 754 4026 circumscribendo
787 3956 849 4020 hoc
876 3955 973 4019 modo
1002 3953 1161 4020 declarare
1188 3977 1373 4040 possumus:
1411 3957 1482 4020 Iiet
1503 3957 1558 4034 id,
1592 3969 1635 4022 ut
1657 3969 1687 4021 et
1709 3959 1741 4021 in
1763 3961 1916 4046 negutitis
1937 3981 2008 4024 sen-

355 4067 475 4132 tmtiist
497 4085 576 4129 nou
597 4061 675 4126 siet
696 4060 753 4136 id,
777 4073 826 4124 ut.
860 4057 925 4122 Pro
946 4058 1092 4145 exemplo
1114 4071 1182 4124 esto
1204 4059 1256 4122 hic
1276 4059 1364 4123 Iocus
1380 4059 1487 4123 Ilisdis
1508 4081 1603 4143 quem
1620 4063 1688 4144 jum
1711 4063 1845 4127 excitavi
1866 4061 1891 4128 I.
1904 4063 1984 4125 298:

665 4167 729 4230 wis
750 4156 892 4244 δ’ἅλλων,
914 4157 936 4228 ἃ
956 4162 1015 4245 μοί
1037 4161 1108 4229 ἐστι
1127 4167 1196 4248 θοῇ
1216 4159 1311 4250 παρὰ
1331 4163 1386 4248 νηῒ
1404 4162 1541 4251 μελαίνῃ
1564 4191 1592 4230 κ.
1613 4187 1642 4228 τ.
1666 4165 1692 4230 ί.

510 4268 583 4334 Non
603 4267 675 4344 fiet,
708 4266 827 4350 inquit,
861 4279 895 4330 ut
916 4267 1008 4330 aliem
1031 4289 1098 4331 rem
1120 4267 1252 4330 snserus.
1297 4265 1388 4330 Haec
1410 4268 1576 4352 explicatio
1598 4281 1661 4332 tem
1687 4281 1760 4356 apte
1781 4269 1856 4332 mihi
1879 4280 1910 4332 et
1932 4289 2008 4335 con.

355 4376 486 4442 ueniens
507 4372 679 4460 particulae
700 4369 847 4456 poteststi
869 4391 938 4434 esse
959 4371 1101 4448 ridetur,
1125 4383 1158 4433 ut
1171 4367 1312 4434 Grsecos
1334 4371 1426 4434 etism
1447 4371 1480 4433 in
1502 4372 1541 4436 iis
1563 4373 1649 4449 Iocis,
1671 4373 1705 4436 in
1727 4373 1841 4457 quibus
1864 4372 2008 4436 condicio

355 4481 464 4548 sddits
485 4489 551 4554 est,
581 4501 644 4544 nou
673 4489 736 4540 tum
757 4475 893 4562 IogIcum
915 4475 1151 4539 eunucistomm
1174 4473 1419 4550 cohaerentium,
1452 4497 1547 4558 quum
1571 4476 1759 4552 similleio,
1793 4497 1856 4558 qus
1877 4488 2008 4541 eventus

354 4585 401 4652 rei
424 4583 597 4658 efferrem,
620 4581 756 4648 sensisse
778 4579 963 4644 existimem.

516 4685 616 4752 Usum
638 4683 809 4771 porticulus
830 4683 863 4745 in
884 4683 1046 4748 sententiis
1068 4681 1222 4768 negativis
1245 4681 1387 4768 pluribus
1403 4681 1565 4768 exemplis,
1588 4682 1734 4765 quaequi
1746 4681 1901 4767 inspicere
1909 4681 2006 4766 cupit,

356 4789 475 4874 ubique
496 4789 632 4876 reperire
654 4799 767 4875 potest,
789 4786 975 4852 confirmare
996 4807 1077 4870 opus
1099 4805 1163 4848 non
1185 4785 1261 4862 crit3
1284 4785 1323 4849 de
1345 4784 1384 4849 iis
1404 4785 1508 4872 potius
1530 4785 1618 4860 locis,
1640 4783 1673 4846 in
1695 4783 1810 4866 quibus
1833 4805 1902 4848 eom
1922 4783 2006 4847 nffir·
