4508 5666
1110 669 1150 680 ...
1214 629 1359 699 ις..

567 827 661 894 ΧΝ.
684 829 765 892 323:
869 875 871 880 .

719 945 773 1015 καί
793 911 858 1028 μοιν
871 919 1004 1037 κτήματ’
1026 949 1156 1034 ἔδειξεν,
1180 947 1243 1020 ὅσα
1264 945 1461 1042 ξυναγείρατ’
1481 943 1662 1032 Ὀδυσσεύς,

494 1091 498 1104 ·
719 1053 775 1118 κατ’
796 1045 832 1116 νύ
855 1075 906 1118 κεν
928 1052 963 1129 ἐς
985 1051 1119 1143 δεκάτην
1140 1053 1248 1145 γενεήν
1274 1052 1382 1145 ἕτερόν
1403 1055 1428 1144 μ’
1451 1054 1498 1124 ἔτι
1520 1050 1643 1139 βόσκοι.

568 1153 649 1218 XX.
663 1155 740 1218 211:
1286 1235 1289 1242 ,

717 1279 771 1340 νῦν
794 1269 833 1342 ‹l’
853 1275 889 1343 αἱ
911 1275 967 1356 μὲν
989 1277 1144 1364 γίγνονται
1167 1269 1361 1369 ἀθέσφατοι,
1386 1275 1463 1346 οὐδὲ
1486 1305 1539 1346 κεν
1561 1273 1667 1351 ἄλλως

723 1373 861 1465 οἷνδρίμ
885 1373 1123 1464 ὑποσταχύοιτο
1144 1385 1229 1465 βοοῖν
1250 1382 1338 1470 γένος
1363 1374 1611 1471 εὐρυμετώπων.

569 1497 675 1576 Vides,
698 1499 731 1562 in
752 1499 895 1565 omnibus
918 1500 966 1564 his
987 1501 1064 1566 locis
1085 1501 1127 1580 id,
1152 1503 1235 1587 quod
1257 1503 1289 1566 in
1311 1504 1414 1590 priore
1436 1502 1589 1568 sententio
1612 1511 1646 1566 ut
1668 1523 1817 1588 magnum
1831 1500 1949 1586 aliquid
1959 1510 2054 1586 atque

419 1602 633 1672 admirandum
654 1604 847 1692 propositum
870 1605 917 1679 sit,
941 1625 1003 1687 quo
1026 1606 1143 1688 majore
1166 1605 1368 1671 admiratione
1390 1605 1444 1691 qui
1465 1606 1605 1682 audiunt,
1628 1603 1813 1683 afficiantur,
1836 1606 1867 1669 in
1882 1604 2054 1692 posteriorc

416 1709 459 1776 ito
480 1708 595 1796 augeri,
618 1719 653 1772 ut
674 1707 748 1772 nihil
771 1728 838 1771 eene
861 1709 960 1791 majus
985 1707 1134 1772 videatur.

570 1809 634 1874 Alii
655 1810 715 1873 loci
731 1809 884 1893 judicium
905 1808 1056 1895 praebent
1076 1812 1143 1894 ejus
1167 1813 1220 1896 qui
1242 1812 1387 1896 loquitur,
1422 1834 1484 1896 quo
1507 1833 1557 1876 res
1580 1834 1660 1895 quus
1684 1810 1841 1888 describit,
1854 1823 2054 1876 exornantur

416 1927 508 2000 alque
530 1911 716 1978 efferuntur:
739 1910 776 1974 Il.
789 1910 851 1974 IX.
867 1913 943 1976 125:
966 1911 1164 1998 Agamemno
1179 1923 1345 1999 postquam
1365 1915 1447 1978 dono
1467 1916 1632 1994 recensuit,
1656 1938 1736 2002 quae
1758 1915 1875 1982 Achilli
1891 1915 2053 2002 promittit,

417 2017 519 2084 addit:

720 2109 760 2184 ori
781 2141 833 2185 κεν
855 2111 967 2205 ἀλήϊος
989 2120 1040 2206 είη
1063 2112 1152 2206 circio,
1175 2111 1202 2206 ᾦ
1222 2115 1326 2188 τόσσα
1346 2145 1481 2206 μενοιτο.

568 2219 644 2287 XV.
668 2221 747 2284 696:
808 2219 810 2224 ’

720 2329 812 2422 αὖτις
833 2339 870 2407 δὲ
891 2343 1020 2426 δριμεῖα
1042 2341 1128 2430 μάχη
1150 2339 1244 2424 σαροῖ
1265 2346 1376 2432 νηυσίν
1397 2338 1537 2434 ἐτύχθη·

599 2463 601 2470 ⁴
722 2443 825 2534 φαίης
847 2437 877 2508 κ’
898 2437 1044 2533 ακμῆτας
1066 2446 1121 2512 καί
1145 2441 1290 2534 ἀτειρέας
1312 2441 1494 2536 ἀλλήλοισιν

718 2540 848 2614 ἄντεσθ’
868 2546 900 2614 ἐν
922 2549 1063 2635 πολέμῳ.

569 2651 680 2718 XVII.
703 2651 784 2715 366:

723 2765 767 2846 ὣς
788 2771 821 2839 οἱ
843 2769 900 2853 μὲν
920 2767 1081 2858 μάρναντο
1104 2772 1206 2856 δέμας
1227 2767 1346 2861 πυρός·
1369 2768 1446 2842 οὐδέ
1469 2799 1503 2840 κε
1525 2757 1631 2863 φαίης

721 2869 796 2944 οὔτε
818 2868 892 2942 ποτ’
912 2869 1018 2963 η’ίλιον
1039 2872 1115 2944 σόον
1136 2875 1269 2960 ἔμμεναι
1291 2871 1366 2943 οὔτε
1388 2875 1529 2965 σελήνην.

568 2977 618 3042 Cf.
640 2975 701 3041 111.
723 2978 784 3042 392
808 2977 871 3042 IX.
894 2979 966 3042 267.
988 2977 1045 3043 IV.
1069 2981 1141 3042 429.

566 3080 711 3166 Denique
733 3103 788 3146 ece
810 3081 978 3146 sententiae
999 3081 1061 3146 huc
1082 3082 1262 3146 referendae
1285 3092 1373 3157 sunt,
1401 3081 1514 3165 quibus
1537 3082 1725 3146 contrarium
1747 3104 1854 3146 eorum
1877 3105 1957 3167 quoe
1979 3094 2052 3148 ante

415 3186 498 3252 dicta
520 3196 601 3262 sunt,
624 3184 810 3272 denegatur:

568 3285 604 3350 Il.
623 3285 685 3350 IX.
708 3287 789 3351 415:

723 3399 824 3475 α’ίλετὸ
844 3429 902 3488 μοι
923 3407 1015 3484 κλέος
1037 3405 1163 3488 ἐσθλόν,
1186 3408 1239 3475 ε’πί
1262 3405 1359 3496 δηρόν
1381 3407 1418 3474 δέ
1439 3391 1498 3491 μοι
1515 3401 1598 3473 αίαίν

397 3591 400 3598 ,
431 3525 434 3534 ’
718 3509 856 3594 ἔσσεται,
879 3505 956 3578 οὐδὲ
978 3509 1013 3576 κέ
1034 3507 1067 3595 μ’
1089 3501 1159 3578 ὦκα
1178 3510 1271 3585 τέλος
1293 3506 1452 3578 θανάτονο
1476 3511 1597 3597 κιχείη·

567 3614 630 3682 Od.
646 3613 779 3679 XXIII.
799 3617 875 3680 125:
1050 3607 1055 3618 ’

969 3715 972 3724 ’
1128 3716 1186 3806 σήν
1205 3713 1267 3803 ric
1289 3712 1424 3806 ἇιίστα

719 3829 815 3912 μῆτιν
836 3821 884 3892 ἐπ’
907 3818 1111 3913 ἅνθρώποως
1134 3819 1212 3914 φασ’
1235 3820 1377 3904 ἔμμεναι,
1400 3814 1475 3888 οὐδέ
1497 3817 1532 3885 κέ
1553 3817 1605 3890 τίς
1625 3840 1678 3884 τοι

671 3965 675 3974 ·
720 3923 817 4003 ἄλλος
839 3921 917 4018 σίνὴρ
939 3927 1052 4016 ἐρίσειε
1074 3929 1282 4015 καταθνητῶν
1303 3914 1496 4011 ἀνθρώπων.

565 4030 608 4095 ib.
634 4033 711 4097 184:

1127 4128 1267 4217 χαλεπόν
1289 4132 1325 4199 δέ
1346 4155 1399 4197 κεν
1421 4131 1483 4216 εἴη,

717 4235 772 4302 καί
794 4229 869 4317 μαλ’
889 4234 1095 4323 ἐπισταμένῳ,
1119 4235 1173 4304 ὅτε
1193 4230 1240 4322 μή
1262 4231 1341 4309 θεὸς
1363 4227 1460 4306 αὐτος
1481 4231 1633 4300 ἐπελθών
1680 4259 1690 4268 ·

722 4339 858 4429 ῥηϊδίως
879 4336 1001 4407 ἐθέλων
1021 4341 1100 4426 θείη
1123 4333 1203 4424 ἄλλη
1225 4335 1269 4404 ἐνί
1289 4330 1393 4424 χώρῃ·

715 4436 839 4528 ἀνδρῶν
861 4437 892 4509 δ’
916 4439 955 4511 σέ
976 4444 1028 4511 κέν
1049 4464 1099 4518 τις
1121 4440 1203 4523 ζωὸς
1224 4436 1344 4532 βροτός
1365 4439 1443 4509 οὐδὲ
1464 4435 1535 4522 μέλ’
1557 4435 1646 4530 ἡβῶν

719 4546 793 4632 ῥεῖα
812 4525 1067 4630 μετοχλίσσειεν·
1581 4623 1587 4632 ,

564 4653 589 4726 s.
615 4649 663 4711 14.
693 4646 795 4713 Venio
817 4649 856 4712 ad
879 4671 950 4714 cum
974 4671 1062 4714 usum
1083 4647 1263 4738 particulae,
1289 4671 1383 4733 quem
1404 4660 1488 4716 recte
1510 4648 1731 4716 Boeumleinus
1753 4645 1927 4715 certissimo
1948 4646 2045 4712 docu-

411 4761 515 4816 mento
536 4771 604 4815 esee
626 4750 793 4829 contendit,
816 4773 879 4816 non
899 4752 1029 4824 indicari
1050 4775 1087 4818 ea
1109 4751 1358 4818 consecutionem
1381 4773 1398 4818 ε
1420 4751 1805 4832 σοιοίεμοιοσοιλοαῑίλνοε.
1836 4748 1944 4834 Quum
1963 4749 2046 4815 enim
